<?xml version="1.0" encoding="UTF-8"?>
<!DOCTYPE html PUBLIC "-//W3C//DTD XHTML 1.0 Transitional//EN"
    "http://www.w3.org/TR/xhtml1/DTD/xhtml1-transitional.dtd">
<html xmlns="http://www.w3.org/1999/xhtml" xml:lang="en" lang="en">
 <head>
  <title>
</title>
<meta http-equiv="Content-Type" content="text/html;charset=utf-8" />
  <meta name='ocr-system' content='tesseract 3.04.00' />
  <meta name='ocr-capabilities' content='ocr_page ocr_carea ocr_par ocr_line ocrx_word'/>
</head>
<body>
  <div class='ocr_page' id='page_1' title='image "./horatiiturselli00schwgoog/horatiiturselli00schwgoog_0422.png"; bbox 0 0 2670 4636; ppageno 0'>
   <div class='ocr_carea' id='block_1_1' title="bbox 56 243 1170 360">
    <p class='ocr_par' dir='ltr' id='par_1_1' title="bbox 56 243 1170 360">
     <span class='ocr_line' id='line_1_1' title="bbox 56 243 1170 360; baseline 0.004 -20"><span class='ocrx_word' id='word_1_1' title='bbox 56 283 216 360; x_wconf 75' lang='lat' dir='ltr'><strong>rnnnssr]</strong></span> <span class='ocrx_word' id='word_1_2' title='bbox 297 243 323 355; x_wconf 11' lang='grc' dir='ltr'><em>Ἀ</em></span> <span class='ocrx_word' id='word_1_3' title='bbox 429 278 486 339; x_wconf 81' lang='lat' dir='ltr'><strong>DE</strong></span> <span class='ocrx_word' id='word_1_4' title='bbox 518 271 759 339; x_wconf 76' lang='lat' dir='ltr'><strong>Pnnttcusts</strong></span> <span class='ocrx_word' id='word_1_5' title='bbox 789 290 849 341; x_wconf 79' lang='lat' dir='ltr'><strong>etc.</strong></span> <span class='ocrx_word' id='word_1_6' title='bbox 1110 286 1170 344; x_wconf 79' lang='grc'><strong>401</strong></span> 
     </span>
    </p>
   </div>
   <div class='ocr_carea' id='block_1_2' title="bbox 54 425 1166 559">
    <p class='ocr_par' dir='ltr' id='par_1_2' title="bbox 54 425 1166 559">
     <span class='ocr_line' id='line_1_2' title="bbox 57 425 1166 494; baseline 0.001 -15"><span class='ocrx_word' id='word_1_7' title='bbox 57 430 157 494; x_wconf 84' lang='lat' dir='ltr'>Jupiter</span> <span class='ocrx_word' id='word_1_8' title='bbox 175 430 258 486; x_wconf 77' lang='lat' dir='ltr'>scibat,</span> <span class='ocrx_word' id='word_1_9' title='bbox 276 427 389 488; x_wconf 82' lang='lat' dir='ltr'><strong>tacturos,</strong></span> <span class='ocrx_word' id='word_1_10' title='bbox 412 425 503 491; x_wconf 85' lang='lat' dir='ltr'>quippe</span> <span class='ocrx_word' id='word_1_11' title='bbox 521 426 564 490; x_wconf 88' lang='lat' dir='ltr'><strong>qui</strong></span> <span class='ocrx_word' id='word_1_12' title='bbox 580 425 741 482; x_wconf 77' lang='lat' dir='ltr'><strong>intellexerat,</strong></span> <span class='ocrx_word' id='word_1_13' title='bbox 754 426 830 474; x_wconf 83' lang='lat' dir='ltr'><strong>vereri</strong></span> <span class='ocrx_word' id='word_1_14' title='bbox 849 441 892 475; x_wconf 86' lang='lat' dir='ltr'><strong>vos</strong></span> <span class='ocrx_word' id='word_1_15' title='bbox 912 443 947 485; x_wconf 83' lang='lat' dir='ltr'><strong>se,</strong></span> <span class='ocrx_word' id='word_1_16' title='bbox 963 427 1066 478; x_wconf 87' lang='lat' dir='ltr'><strong>Jovem:</strong></span> <span class='ocrx_word' id='word_1_17' title='bbox 1085 445 1166 480; x_wconf 83' lang='lat' dir='ltr'><strong>verum</strong></span> 
     </span>
     <span class='ocr_line' id='line_1_3' title="bbox 54 491 937 559; baseline 0.001 -16"><span class='ocrx_word' id='word_1_18' title='bbox 54 496 168 558; x_wconf 84' lang='lat' dir='ltr'><strong>proiecto</strong></span> <span class='ocrx_word' id='word_1_19' title='bbox 178 497 224 544; x_wconf 86' lang='lat' dir='ltr'><strong>hoe</strong></span> <span class='ocrx_word' id='word_1_20' title='bbox 233 501 317 559; x_wconf 85' lang='lat' dir='ltr'><strong>petere</strong></span> <span class='ocrx_word' id='word_1_21' title='bbox 329 508 366 542; x_wconf 87' lang='lat' dir='ltr'><strong>me</strong></span> <span class='ocrx_word' id='word_1_22' title='bbox 378 493 483 556; x_wconf 88' lang='lat' dir='ltr'><strong>precario</strong></span> <span class='ocrx_word' id='word_1_23' title='bbox 498 504 514 538; x_wconf 79' lang='lat' dir='ltr'><strong>e</strong></span> <span class='ocrx_word' id='word_1_24' title='bbox 524 491 594 539; x_wconf 85' lang='lat' dir='ltr'><strong>vobis</strong></span> <span class='ocrx_word' id='word_1_25' title='bbox 600 491 674 556; x_wconf 78' lang='lat' dir='ltr'><strong>jussis</strong></span> <span class='ocrx_word' id='word_1_26' title='bbox 683 491 768 541; x_wconf 85' lang='lat' dir='ltr'><strong>leuiter</strong></span> <span class='ocrx_word' id='word_1_27' title='bbox 778 493 848 540; x_wconf 85' lang='lat' dir='ltr'><strong>dictis</strong></span> <span class='ocrx_word' id='word_1_28' title='bbox 857 493 937 544; x_wconf 87' lang='lat' dir='ltr'><strong>bouis.</strong></span> 
     </span>
    </p>
   </div>
   <div class='ocr_carea' id='block_1_3' title="bbox 426 603 798 656">
    <p class='ocr_par' dir='ltr' id='par_1_3' title="bbox 426 603 798 656">
     <span class='ocr_line' id='line_1_4' title="bbox 426 603 798 656; baseline -0.011 0"><span class='ocrx_word' id='word_1_29' title='bbox 426 605 477 656; x_wconf 71' lang='lat'><strong>⁵4.</strong></span> <span class='ocrx_word' id='word_1_30' title='bbox 495 603 798 655; x_wconf 77' lang='lat' dir='ltr'><strong>Tametsi—nibilominus.</strong></span> 
     </span>
    </p>
   </div>
   <div class='ocr_carea' id='block_1_4' title="bbox 58 685 1167 808">
    <p class='ocr_par' dir='ltr' id='par_1_4' title="bbox 58 685 1167 808">
     <span class='ocr_line' id='line_1_5' title="bbox 92 685 1167 752; baseline -0.001 -12"><span class='ocrx_word' id='word_1_31' title='bbox 92 690 233 747; x_wconf 68' lang='lat' dir='ltr'><strong><em>Scribonius</em></strong></span> <span class='ocrx_word' id='word_1_32' title='bbox 242 690 348 752; x_wconf 82' lang='lat' dir='ltr'><strong>Compos.</strong></span> <span class='ocrx_word' id='word_1_33' title='bbox 359 703 382 736; x_wconf 88' lang='lat' dir='ltr'><strong>c.</strong></span> <span class='ocrx_word' id='word_1_34' title='bbox 395 686 451 736; x_wconf 75' lang='lat' dir='ltr'><strong>tus.</strong></span> <span class='ocrx_word' id='word_1_35' title='bbox 474 686 578 750; x_wconf 83' lang='lat' dir='ltr'>Oportet</span> <span class='ocrx_word' id='word_1_36' title='bbox 587 693 667 734; x_wconf 81' lang='lat' dir='ltr'><strong>tamen</strong></span> <span class='ocrx_word' id='word_1_37' title='bbox 677 701 726 733; x_wconf 92' lang='lat' dir='ltr'><strong>non</strong></span> <span class='ocrx_word' id='word_1_38' title='bbox 735 685 902 735; x_wconf 84' lang='lat' dir='ltr'><strong>indifferenter</strong></span> <span class='ocrx_word' id='word_1_39' title='bbox 911 688 1055 736; x_wconf 76' lang='lat' dir='ltr'><strong>remediatos</strong></span> <span class='ocrx_word' id='word_1_40' title='bbox 1066 689 1091 737; x_wconf 90' lang='lat' dir='ltr'><strong>in</strong></span> <span class='ocrx_word' id='word_1_41' title='bbox 1100 690 1167 739; x_wconf 85' lang='lat' dir='ltr'><strong>futu·</strong></span> 
     </span>
     <span class='ocr_line' id='line_1_6' title="bbox 58 751 1150 808; baseline 0 -4"><span class='ocrx_word' id='word_1_42' title='bbox 58 770 111 804; x_wconf 85' lang='lat' dir='ltr'><strong>rum</strong></span> <span class='ocrx_word' id='word_1_43' title='bbox 122 755 205 804; x_wconf 77' lang='lat' dir='ltr'><strong>rivere</strong></span> <span class='ocrx_word' id='word_1_44' title='bbox 215 772 221 802; x_wconf 80' lang='lat' dir='ltr'><strong>r</strong></span> <span class='ocrx_word' id='word_1_45' title='bbox 238 754 335 803; x_wconf 83' lang='lat' dir='ltr'><strong>tametsi</strong></span> <span class='ocrx_word' id='word_1_46' title='bbox 344 753 410 803; x_wconf 84' lang='lat' dir='ltr'><strong>euim</strong></span> <span class='ocrx_word' id='word_1_47' title='bbox 420 751 492 801; x_wconf 80' lang='lat' dir='ltr'><strong>eceli</strong></span> <span class='ocrx_word' id='word_1_48' title='bbox 501 753 583 801; x_wconf 87' lang='lat' dir='ltr'><strong>dolore</strong></span> <span class='ocrx_word' id='word_1_49' title='bbox 594 751 641 800; x_wconf 87' lang='lat' dir='ltr'><strong>tuti</strong></span> <span class='ocrx_word' id='word_1_50' title='bbox 651 751 709 808; x_wconf 89' lang='lat' dir='ltr'><strong>siut,</strong></span> <span class='ocrx_word' id='word_1_51' title='bbox 718 760 826 801; x_wconf 85' lang='lat' dir='ltr'><strong>metuere</strong></span> <span class='ocrx_word' id='word_1_52' title='bbox 837 752 995 802; x_wconf 86' lang='lat' dir='ltr'><strong>nibilominus</strong></span> <span class='ocrx_word' id='word_1_53' title='bbox 1004 753 1095 803; x_wconf 86' lang='lat' dir='ltr'><strong>debent</strong></span> <span class='ocrx_word' id='word_1_54' title='bbox 1103 761 1150 807; x_wconf 84' lang='lat' dir='ltr'><strong>cet.</strong></span> 
     </span>
    </p>
   </div>
   <div class='ocr_carea' id='block_1_5' title="bbox 272 866 951 932">
    <p class='ocr_par' dir='ltr' id='par_1_5' title="bbox 272 866 951 932">
     <span class='ocr_line' id='line_1_7' title="bbox 272 866 951 932; baseline -0.007 -11"><span class='ocrx_word' id='word_1_55' title='bbox 272 871 289 902; x_wconf 69' lang='lat'><em>⁶</em></span> <span class='ocrx_word' id='word_1_56' title='bbox 300 877 325 921; x_wconf 80' lang='grc'><strong>5.</strong></span> <span class='ocrx_word' id='word_1_57' title='bbox 343 867 634 919; x_wconf 79' lang='lat' dir='ltr'><strong>Tametsi—uiiilominus</strong></span> <span class='ocrx_word' id='word_1_58' title='bbox 651 871 729 916; x_wconf 83' lang='lat' dir='ltr'><strong>tomen</strong></span> <span class='ocrx_word' id='word_1_59' title='bbox 740 866 819 916; x_wconf 88' lang='lat' dir='ltr'><strong>minus</strong></span> <span class='ocrx_word' id='word_1_60' title='bbox 830 868 951 932; x_wconf 81' lang='lat' dir='ltr'><strong>probatur.</strong></span> 
     </span>
    </p>
   </div>
   <div class='ocr_carea' id='block_1_6' title="bbox 57 921 1172 1143">
    <p class='ocr_par' dir='ltr' id='par_1_6' title="bbox 57 921 1172 1143">
     <span class='ocr_line' id='line_1_8' title="bbox 92 921 1172 1013; baseline -0.002 -11"><span class='ocrx_word' id='word_1_61' title='bbox 92 951 182 1002; x_wconf 68' lang='lat' dir='ltr'><strong>Bostra</strong></span> <span class='ocrx_word' id='word_1_62' title='bbox 196 952 316 1001; x_wconf 74' lang='lat' dir='ltr'><strong>emolat</strong></span> <span class='ocrx_word' id='word_1_63' title='bbox 326 950 448 1013; x_wconf 67' lang='lat' dir='ltr'><strong>lupma</strong></span> <span class='ocrx_word' id='word_1_64' title='bbox 459 954 483 998; x_wconf 87' lang='lat' dir='ltr'><strong>o.</strong></span> <span class='ocrx_word' id='word_1_65' title='bbox 499 949 555 1006; x_wconf 87' lang='lat' dir='ltr'><strong>Quo</strong></span> <span class='ocrx_word' id='word_1_66' title='bbox 572 948 610 1012; x_wconf 85' lang='lat' dir='ltr'><strong>lit,</strong></span> <span class='ocrx_word' id='word_1_67' title='bbox 624 955 652 994; x_wconf 92' lang='lat' dir='ltr'><strong>ut</strong></span> <span class='ocrx_word' id='word_1_68' title='bbox 670 949 763 997; x_wconf 78' lang='lat' dir='ltr'><strong>tametsi</strong></span> <span class='ocrx_word' id='word_1_69' title='bbox 777 948 846 997; x_wconf 82' lang='lat' dir='ltr'><strong>robis</strong></span> <span class='ocrx_word' id='word_1_70' title='bbox 863 950 925 998; x_wconf 85' lang='lat' dir='ltr'><strong>bunc</strong></span> <span class='ocrx_word' id='word_1_71' title='bbox 942 949 1050 1000; x_wconf 82' lang='lat' dir='ltr'><strong>ordinem</strong></span> <span class='ocrx_word' id='word_1_72' title='bbox 1067 921 1172 1008; x_wconf 53' lang='lat' dir='ltr'><strong>minime</strong></span> 
     </span>
     <span class='ocr_line' id='line_1_9' title="bbox 57 1013 1167 1076; baseline 0.002 -11"><span class='ocrx_word' id='word_1_73' title='bbox 57 1016 212 1065; x_wconf 87' lang='lat' dir='ltr'><strong>considerare</strong></span> <span class='ocrx_word' id='word_1_74' title='bbox 222 1016 359 1064; x_wconf 86' lang='lat' dir='ltr'><strong>volentibus</strong></span> <span class='ocrx_word' id='word_1_75' title='bbox 369 1014 469 1063; x_wconf 79' lang='lat' dir='ltr'><strong>confusa</strong></span> <span class='ocrx_word' id='word_1_76' title='bbox 478 1013 561 1061; x_wconf 74' lang='lat' dir='ltr'><strong>omnin</strong></span> <span class='ocrx_word' id='word_1_77' title='bbox 570 1013 754 1076; x_wconf 72' lang='lat' dir='ltr'><strong>perturbataque</strong></span> <span class='ocrx_word' id='word_1_78' title='bbox 766 1013 906 1074; x_wconf 77' lang='lat' dir='ltr'><strong>rideantnr3</strong></span> <span class='ocrx_word' id='word_1_79' title='bbox 921 1015 1076 1064; x_wconf 88' lang='lat' dir='ltr'><strong>nihilominus</strong></span> <span class='ocrx_word' id='word_1_80' title='bbox 1083 1024 1167 1067; x_wconf 65' lang='lat' dir='ltr'><strong>umen</strong></span> 
     </span>
     <span class='ocr_line' id='line_1_10' title="bbox 59 1078 697 1143; baseline -0.008 -13"><span class='ocrx_word' id='word_1_81' title='bbox 59 1096 119 1131; x_wconf 85' lang='lat' dir='ltr'><strong>enus</strong></span> <span class='ocrx_word' id='word_1_82' title='bbox 129 1082 213 1130; x_wconf 84' lang='lat' dir='ltr'><strong>modus</strong></span> <span class='ocrx_word' id='word_1_83' title='bbox 223 1082 253 1130; x_wconf 87' lang='lat' dir='ltr'><strong>ad</strong></span> <span class='ocrx_word' id='word_1_84' title='bbox 263 1083 353 1130; x_wconf 89' lang='lat' dir='ltr'><strong>bonum</strong></span> <span class='ocrx_word' id='word_1_85' title='bbox 363 1079 469 1143; x_wconf 86' lang='lat' dir='ltr'><strong>dirigens</strong></span> <span class='ocrx_word' id='word_1_86' title='bbox 479 1087 566 1127; x_wconf 80' lang='lat' dir='ltr'><strong>cuncte</strong></span> <span class='ocrx_word' id='word_1_87' title='bbox 576 1078 697 1141; x_wconf 87' lang='lat' dir='ltr'><strong>disponat.</strong></span> 
     </span>
    </p>
   </div>
   <div class='ocr_carea' id='block_1_7' title="bbox 477 1192 752 1242">
    <p class='ocr_par' dir='ltr' id='par_1_7' title="bbox 477 1192 752 1242">
     <span class='ocr_line' id='line_1_11' title="bbox 477 1192 752 1242; baseline -0.004 0"><span class='ocrx_word' id='word_1_88' title='bbox 477 1195 502 1242; x_wconf 85' lang='lat' dir='ltr'><strong>ti.</strong></span> <span class='ocrx_word' id='word_1_89' title='bbox 520 1192 624 1242; x_wconf 81' lang='lat' dir='ltr'><strong>Tametsi</strong></span> <span class='ocrx_word' id='word_1_90' title='bbox 633 1192 752 1242; x_wconf 83' lang='lat' dir='ltr'><strong>absolute.</strong></span> 
     </span>
    </p>
   </div>
   <div class='ocr_carea' id='block_1_8' title="bbox 59 1257 1174 2186">
    <p class='ocr_par' dir='ltr' id='par_1_8' title="bbox 59 1257 1174 2186">
     <span class='ocr_line' id='line_1_12' title="bbox 94 1257 1167 1343; baseline 0.002 -19"><span class='ocrx_word' id='word_1_91' title='bbox 94 1274 220 1325; x_wconf 75' lang='lat' dir='ltr'><strong>Interdum</strong></span> <span class='ocrx_word' id='word_1_92' title='bbox 230 1274 338 1324; x_wconf 84' lang='lat' dir='ltr'><strong>absolute</strong></span> <span class='ocrx_word' id='word_1_93' title='bbox 348 1274 453 1338; x_wconf 82' lang='lat' dir='ltr'><strong>ponitur,</strong></span> <span class='ocrx_word' id='word_1_94' title='bbox 469 1274 557 1322; x_wconf 81' lang='lat' dir='ltr'><strong>omisso</strong></span> <span class='ocrx_word' id='word_1_95' title='bbox 573 1278 661 1330; x_wconf 73' lang='lat' dir='ltr'><strong>tumst,</strong></span> <span class='ocrx_word' id='word_1_96' title='bbox 679 1274 743 1336; x_wconf 83' lang='lat' dir='ltr'><strong>quod</strong></span> <span class='ocrx_word' id='word_1_97' title='bbox 752 1257 823 1322; x_wconf 78' lang='lat' dir='ltr'><strong>&#39;idom</strong></span> <span class='ocrx_word' id='word_1_98' title='bbox 840 1274 872 1322; x_wconf 82' lang='lat' dir='ltr'><strong>de</strong></span> <span class='ocrx_word' id='word_1_99' title='bbox 886 1282 1018 1338; x_wconf 63' lang='lat' dir='ltr'><strong>qumquem</strong></span> <span class='ocrx_word' id='word_1_100' title='bbox 1035 1283 1109 1343; x_wconf 81' lang='lat' dir='ltr'><strong>atque</strong></span> <span class='ocrx_word' id='word_1_101' title='bbox 1119 1276 1167 1331; x_wconf 74' lang='lat' dir='ltr'><strong>siai</strong></span> 
     </span>
     <span class='ocr_line' id='line_1_13' title="bbox 59 1338 1174 1405; baseline 0.004 -14"><span class='ocrx_word' id='word_1_102' title='bbox 59 1356 133 1405; x_wconf 78' lang='lat' dir='ltr'><strong>supra</strong></span> <span class='ocrx_word' id='word_1_103' title='bbox 142 1340 250 1389; x_wconf 78' lang='lat' dir='ltr'><strong>diximus.</strong></span> <span class='ocrx_word' id='word_1_104' title='bbox 285 1342 337 1399; x_wconf 80' lang='lat' dir='ltr'><strong>Cio.</strong></span> <span class='ocrx_word' id='word_1_105' title='bbox 348 1340 366 1388; x_wconf 84' lang='lat' dir='ltr'><strong>l.</strong></span> <span class='ocrx_word' id='word_1_106' title='bbox 378 1344 402 1389; x_wconf 75' lang='lat'><strong>8.</strong></span> <span class='ocrx_word' id='word_1_107' title='bbox 422 1341 488 1389; x_wconf 79' lang='lat' dir='ltr'><strong>Fam.</strong></span> <span class='ocrx_word' id='word_1_108' title='bbox 497 1355 534 1402; x_wconf 83' lang='lat' dir='ltr'><strong>cp.</strong></span> <span class='ocrx_word' id='word_1_109' title='bbox 544 1342 569 1390; x_wconf 79' lang='grc'><strong>1.</strong></span> <span class='ocrx_word' id='word_1_110' title='bbox 585 1339 693 1386; x_wconf 73' lang='lat' dir='ltr'><strong>Tametsi</strong></span> <span class='ocrx_word' id='word_1_111' title='bbox 708 1338 735 1387; x_wconf 90' lang='lat' dir='ltr'><strong>id</strong></span> <span class='ocrx_word' id='word_1_112' title='bbox 751 1340 847 1401; x_wconf 85' lang='lat' dir='ltr'><strong>quidem</strong></span> <span class='ocrx_word' id='word_1_113' title='bbox 863 1339 973 1389; x_wconf 80' lang='lat' dir='ltr'><strong>iecemnt</strong></span> <span class='ocrx_word' id='word_1_114' title='bbox 986 1342 1095 1393; x_wconf 78' lang='lat' dir='ltr'><strong>ridicule.</strong></span> <span class='ocrx_word' id='word_1_115' title='bbox 1119 1345 1174 1396; x_wconf 67' lang='lat' dir='ltr'><strong>loo</strong></span> 
     </span>
     <span class='ocr_line' id='line_1_14' title="bbox 60 1403 1169 1469; baseline 0.003 -15"><span class='ocrx_word' id='word_1_116' title='bbox 60 1408 79 1455; x_wconf 90' lang='grc'><strong>1.</strong></span> <span class='ocrx_word' id='word_1_117' title='bbox 90 1410 116 1456; x_wconf 74' lang='grc'><strong>1.</strong></span> <span class='ocrx_word' id='word_1_118' title='bbox 127 1407 183 1455; x_wconf 74' lang='lat' dir='ltr'><strong>nst.</strong></span> <span class='ocrx_word' id='word_1_119' title='bbox 193 1421 228 1469; x_wconf 84' lang='lat' dir='ltr'><strong>ep.</strong></span> <span class='ocrx_word' id='word_1_120' title='bbox 237 1411 262 1456; x_wconf 81' lang='grc'><strong>4.</strong></span> <span class='ocrx_word' id='word_1_121' title='bbox 278 1406 315 1452; x_wconf 90' lang='lat' dir='ltr'><strong>Tu</strong></span> <span class='ocrx_word' id='word_1_122' title='bbox 321 1404 435 1469; x_wconf 89' lang='lat' dir='ltr'><strong>quicquid</strong></span> <span class='ocrx_word' id='word_1_123' title='bbox 445 1403 565 1467; x_wconf 77' lang='lat' dir='ltr'><strong>indagaris</strong></span> <span class='ocrx_word' id='word_1_124' title='bbox 575 1403 605 1451; x_wconf 90' lang='lat' dir='ltr'><strong>de</strong></span> <span class='ocrx_word' id='word_1_125' title='bbox 612 1403 743 1466; x_wconf 81' lang='lat' dir='ltr'><strong>republica,</strong></span> <span class='ocrx_word' id='word_1_126' title='bbox 753 1405 835 1467; x_wconf 80' lang='lat' dir='ltr'><strong>incito,</strong></span> <span class='ocrx_word' id='word_1_127' title='bbox 846 1414 873 1453; x_wconf 89' lang='lat' dir='ltr'><strong>nt</strong></span> <span class='ocrx_word' id='word_1_128' title='bbox 880 1405 967 1454; x_wconf 87' lang='lat' dir='ltr'><strong>sciam:</strong></span> <span class='ocrx_word' id='word_1_129' title='bbox 985 1409 1081 1456; x_wconf 84' lang='lat' dir='ltr'><strong>tametsi</strong></span> <span class='ocrx_word' id='word_1_130' title='bbox 1089 1411 1169 1460; x_wconf 77' lang='lat' dir='ltr'><strong>minut</strong></span> 
     </span>
     <span class='ocr_line' id='line_1_15' title="bbox 60 1469 1165 1537; baseline 0.006 -17"><span class='ocrx_word' id='word_1_131' title='bbox 60 1487 118 1520; x_wconf 85' lang='lat' dir='ltr'><strong>eum</strong></span> <span class='ocrx_word' id='word_1_132' title='bbox 128 1471 243 1520; x_wconf 84' lang='lat' dir='ltr'><strong>curiosus.</strong></span> <span class='ocrx_word' id='word_1_133' title='bbox 258 1471 347 1529; x_wconf 70' lang='lat' dir='ltr'><strong>inform</strong></span> <span class='ocrx_word' id='word_1_134' title='bbox 357 1486 408 1520; x_wconf 74' lang='lat' dir='ltr'><strong>rue:</strong></span> <span class='ocrx_word' id='word_1_135' title='bbox 423 1469 538 1531; x_wconf 73' lang='lat' dir='ltr'><strong>although</strong></span> <span class='ocrx_word' id='word_1_136' title='bbox 550 1470 566 1518; x_wconf 91' lang='lat'><em>1</em></span> <span class='ocrx_word' id='word_1_137' title='bbox 576 1484 616 1518; x_wconf 84' lang='lat' dir='ltr'><strong>om</strong></span> <span class='ocrx_word' id='word_1_138' title='bbox 631 1475 672 1518; x_wconf 89' lang='lat' dir='ltr'><strong>not</strong></span> <span class='ocrx_word' id='word_1_139' title='bbox 682 1475 709 1518; x_wconf 88' lang='lat' dir='ltr'><strong>ot</strong></span> <span class='ocrx_word' id='word_1_140' title='bbox 718 1471 753 1519; x_wconf 88' lang='lat' dir='ltr'><strong>ull</strong></span> <span class='ocrx_word' id='word_1_141' title='bbox 762 1471 864 1519; x_wconf 80' lang='lat' dir='ltr'><strong>curione.</strong></span> <span class='ocrx_word' id='word_1_142' title='bbox 897 1471 978 1520; x_wconf 72' lang='lat' dir='ltr'><strong>*Anu</strong></span> <span class='ocrx_word' id='word_1_143' title='bbox 988 1473 1029 1522; x_wconf 80' lang='lat' dir='ltr'><strong>Io.</strong></span> <span class='ocrx_word' id='word_1_144' title='bbox 1037 1488 1082 1537; x_wconf 83' lang='lat' dir='ltr'><strong>pro</strong></span> <span class='ocrx_word' id='word_1_145' title='bbox 1092 1477 1165 1528; x_wconf 81' lang='lat' dir='ltr'><strong>Roec.</strong></span> 
     </span>
     <span class='ocr_line' id='line_1_16' title="bbox 61 1537 1171 1668; baseline 0.005 -20"><span class='ocrx_word' id='word_1_146' title='bbox 61 1537 251 1650; x_wconf 46' lang='lat' dir='ltr'><strong>Afficl&#39;ffii?</strong></span> <span class='ocrx_word' id='word_1_147' title='bbox 260 1539 394 1650; x_wconf 44' lang='grc' dir='ltr'><strong>ῗαιιιιῗῇειιί</strong></span> <span class='ocrx_word' id='word_1_148' title='bbox 404 1598 475 1646; x_wconf 85' lang='lat' dir='ltr'><strong>unica</strong></span> <span class='ocrx_word' id='word_1_149' title='bbox 486 1598 592 1647; x_wconf 85' lang='lat' dir='ltr'><strong>dictione</strong></span> <span class='ocrx_word' id='word_1_150' title='bbox 603 1597 716 1646; x_wconf 80' lang='lat' dir='ltr'><strong>dicebant</strong></span> <span class='ocrx_word' id='word_1_151' title='bbox 725 1604 817 1647; x_wconf 82' lang='lat' dir='ltr'><strong>veteres</strong></span> <span class='ocrx_word' id='word_1_152' title='bbox 826 1614 869 1663; x_wconf 89' lang='lat' dir='ltr'><strong>pro</strong></span> <span class='ocrx_word' id='word_1_153' title='bbox 887 1601 991 1658; x_wconf 81' lang='lat' dir='ltr'><strong>temetsi,</strong></span> <span class='ocrx_word' id='word_1_154' title='bbox 1008 1603 1073 1668; x_wconf 83' lang='lat' dir='ltr'><strong>quod</strong></span> <span class='ocrx_word' id='word_1_155' title='bbox 1087 1618 1120 1652; x_wconf 82' lang='lat' dir='ltr'><strong>ex</strong></span> <span class='ocrx_word' id='word_1_156' title='bbox 1133 1569 1171 1654; x_wconf 38' lang='lat' dir='ltr'><strong>eo:</strong></span> 
     </span>
     <span class='ocr_line' id='line_1_17' title="bbox 61 1663 1167 1730; baseline 0.004 -16"><span class='ocrx_word' id='word_1_157' title='bbox 61 1673 213 1715; x_wconf 81' lang='lat' dir='ltr'><strong>contractum</strong></span> <span class='ocrx_word' id='word_1_158' title='bbox 227 1672 272 1714; x_wconf 86' lang='lat' dir='ltr'><strong>eet.</strong></span> <span class='ocrx_word' id='word_1_159' title='bbox 304 1665 409 1713; x_wconf 84' lang='lat' dir='ltr'><strong>Ennius:</strong></span> <span class='ocrx_word' id='word_1_160' title='bbox 427 1663 463 1711; x_wconf 82' lang='lat' dir='ltr'><strong>At</strong></span> <span class='ocrx_word' id='word_1_161' title='bbox 473 1663 598 1712; x_wconf 76' lang='lat' dir='ltr'><strong>Romnum</strong></span> <span class='ocrx_word' id='word_1_162' title='bbox 605 1665 684 1727; x_wconf 87' lang='lat' dir='ltr'><strong>bomo,</strong></span> <span class='ocrx_word' id='word_1_163' title='bbox 694 1666 822 1712; x_wconf 80' lang='lat' dir='ltr'><strong>tamenetsi</strong></span> <span class='ocrx_word' id='word_1_164' title='bbox 833 1680 870 1713; x_wconf 85' lang='lat' dir='ltr'><strong>res</strong></span> <span class='ocrx_word' id='word_1_165' title='bbox 879 1665 942 1712; x_wconf 90' lang='lat' dir='ltr'><strong>bene</strong></span> <span class='ocrx_word' id='word_1_166' title='bbox 951 1674 1018 1730; x_wconf 84' lang='lat' dir='ltr'><strong>gesta</strong></span> <span class='ocrx_word' id='word_1_167' title='bbox 1028 1679 1073 1725; x_wconf 86' lang='lat' dir='ltr'><strong>cst,</strong></span> <span class='ocrx_word' id='word_1_168' title='bbox 1085 1669 1167 1718; x_wconf 79' lang='lat' dir='ltr'><strong>Corde</strong></span> 
     </span>
     <span class='ocr_line' id='line_1_18' title="bbox 62 1728 1167 1850; baseline 0.005 -6"><span class='ocrx_word' id='word_1_169' title='bbox 62 1730 561 1844; x_wconf 46' lang='lat' dir='ltr'><strong>”iiiiiiiiiiiiiiimti‘ii&#39;</strong></span> <span class='ocrx_word' id='word_1_170' title='bbox 570 1728 1032 1847; x_wconf 61' lang='lat' dir='ltr'><strong>rttlttffilntttntt</strong></span> <span class='ocrx_word' id='word_1_171' title='bbox 1050 1733 1167 1850; x_wconf 61' lang='lat' dir='ltr'><strong>titt</strong></span> 
     </span>
     <span class='ocr_line' id='line_1_19' title="bbox 62 1810 1167 1926; baseline 0.003 -16"><span class='ocrx_word' id='word_1_172' title='bbox 62 1811 110 1924; x_wconf 52' lang='lat' dir='ltr'><strong>:gl</strong></span> <span class='ocrx_word' id='word_1_173' title='bbox 110 1811 232 1911; x_wconf 51' lang='grc' dir='ltr'><strong>11.οΡἷῖοο</strong></span> <span class='ocrx_word' id='word_1_174' title='bbox 247 1831 373 1909; x_wconf 52' lang='lat' dir='ltr'><strong>timenetsi</strong></span> <span class='ocrx_word' id='word_1_175' title='bbox 384 1862 429 1908; x_wconf 88' lang='lat' dir='ltr'><strong>hoc</strong></span> <span class='ocrx_word' id='word_1_176' title='bbox 442 1867 469 1907; x_wconf 87' lang='lat' dir='ltr'><strong>te</strong></span> <span class='ocrx_word' id='word_1_177' title='bbox 481 1810 514 1908; x_wconf 53' lang='grc' dir='ltr'><strong>οξ</strong></span> <span class='ocrx_word' id='word_1_178' title='bbox 523 1859 577 1908; x_wconf 83' lang='lat' dir='ltr'><strong>aliis</strong></span> <span class='ocrx_word' id='word_1_179' title='bbox 592 1858 673 1906; x_wconf 79' lang='lat' dir='ltr'><strong>audire</strong></span> <span class='ocrx_word' id='word_1_180' title='bbox 688 1861 759 1915; x_wconf 82' lang='lat' dir='ltr'><strong>malo,</strong></span> <span class='ocrx_word' id='word_1_181' title='bbox 776 1861 848 1909; x_wconf 87' lang='lat' dir='ltr'><strong>sicin</strong></span> <span class='ocrx_word' id='word_1_182' title='bbox 860 1812 984 1924; x_wconf 44' lang='lat' dir='ltr'><strong>privinum·</strong></span> <span class='ocrx_word' id='word_1_183' title='bbox 998 1832 1043 1911; x_wconf 66' lang='lat' dir='ltr'><strong>noi</strong></span> <span class='ocrx_word' id='word_1_184' title='bbox 1054 1831 1167 1926; x_wconf 47' lang='lat' dir='ltr'><strong>gerimus:</strong></span> 
     </span>
     <span class='ocr_line' id='line_1_20' title="bbox 63 1924 1169 1990; baseline 0.005 -17"><span class='ocrx_word' id='word_1_185' title='bbox 63 1926 129 1989; x_wconf 66' lang='lat' dir='ltr'><strong>«quod</strong></span> <span class='ocrx_word' id='word_1_186' title='bbox 141 1925 173 1973; x_wconf 84' lang='lat' dir='ltr'><strong>ad</strong></span> <span class='ocrx_word' id='word_1_187' title='bbox 183 1927 353 1974; x_wconf 70' lang='lat' dir='ltr'><strong>abstinentium</strong></span> <span class='ocrx_word' id='word_1_188' title='bbox 362 1924 457 1981; x_wconf 73' lang='lat' dir='ltr'><strong>attinet,</strong></span> <span class='ocrx_word' id='word_1_189' title='bbox 468 1925 585 1972; x_wconf 82' lang='lat' dir='ltr'><strong>utnullus</strong></span> <span class='ocrx_word' id='word_1_190' title='bbox 598 1925 720 1972; x_wconf 80' lang='lat' dir='ltr'><strong>teruncius</strong></span> <span class='ocrx_word' id='word_1_191' title='bbox 729 1925 861 1972; x_wconf 76' lang='lat' dir='ltr'><strong>insumatur</strong></span> <span class='ocrx_word' id='word_1_192' title='bbox 869 1926 894 1973; x_wconf 86' lang='lat' dir='ltr'><strong>in</strong></span> <span class='ocrx_word' id='word_1_193' title='bbox 904 1940 1056 1990; x_wconf 86' lang='lat' dir='ltr'><strong>quemquam.</strong></span> <span class='ocrx_word' id='word_1_194' title='bbox 1084 1931 1169 1978; x_wconf 71' lang='lat' dir='ltr'><strong>Cam</strong></span> 
     </span>
     <span class='ocr_line' id='line_1_21' title="bbox 63 1990 1166 2056; baseline 0.005 -19"><span class='ocrx_word' id='word_1_195' title='bbox 63 1990 83 2037; x_wconf 92' lang='grc'><strong>1.</strong></span> <span class='ocrx_word' id='word_1_196' title='bbox 94 1995 119 2040; x_wconf 84' lang='grc'><strong>7.</strong></span> <span class='ocrx_word' id='word_1_197' title='bbox 134 1992 164 2039; x_wconf 82' lang='lat' dir='ltr'><strong>de</strong></span> <span class='ocrx_word' id='word_1_198' title='bbox 176 1990 210 2038; x_wconf 89' lang='lat' dir='ltr'><strong>B.</strong></span> <span class='ocrx_word' id='word_1_199' title='bbox 223 1993 257 2041; x_wconf 83' lang='lat' dir='ltr'><strong>G.</strong></span> <span class='ocrx_word' id='word_1_200' title='bbox 285 1992 346 2048; x_wconf 78' lang='lat' dir='ltr'><strong>Qun</strong></span> <span class='ocrx_word' id='word_1_201' title='bbox 358 1990 482 2038; x_wconf 84' lang='lat' dir='ltr'><strong>tamenetsi</strong></span> <span class='ocrx_word' id='word_1_202' title='bbox 492 1990 574 2039; x_wconf 79' lang='lat' dir='ltr'><strong>Cresar</strong></span> <span class='ocrx_word' id='word_1_203' title='bbox 582 1990 742 2052; x_wconf 78' lang='lat' dir='ltr'><strong>intelligebat,</strong></span> <span class='ocrx_word' id='word_1_204' title='bbox 752 1997 842 2051; x_wconf 87' lang='lat' dir='ltr'><strong>tamen,</strong></span> <span class='ocrx_word' id='word_1_205' title='bbox 859 2005 931 2053; x_wconf 90' lang='lat' dir='ltr'><strong>quam</strong></span> <span class='ocrx_word' id='word_1_206' title='bbox 943 1993 1068 2041; x_wconf 77' lang='lat' dir='ltr'><strong>mitissime</strong></span> <span class='ocrx_word' id='word_1_207' title='bbox 1078 2003 1166 2056; x_wconf 85' lang='lat' dir='ltr'><strong>potest,</strong></span> 
     </span>
     <span class='ocr_line' id='line_1_22' title="bbox 63 2054 1167 2120; baseline 0.006 -19"><span class='ocrx_word' id='word_1_208' title='bbox 63 2056 157 2118; x_wconf 77' lang='lat' dir='ltr'><strong>legatos</strong></span> <span class='ocrx_word' id='word_1_209' title='bbox 167 2056 281 2119; x_wconf 78' lang='lat' dir='ltr'><strong>appellat.</strong></span> <span class='ocrx_word' id='word_1_210' title='bbox 300 2057 397 2105; x_wconf 82' lang='lat' dir='ltr'><strong>Tonbm.</strong></span> <span class='ocrx_word' id='word_1_211' title='bbox 405 2054 436 2102; x_wconf 87' lang='lat' dir='ltr'><strong>ed</strong></span> <span class='ocrx_word' id='word_1_212' title='bbox 447 2056 530 2103; x_wconf 85' lang='lat' dir='ltr'><strong>Plout.</strong></span> <span class='ocrx_word' id='word_1_213' title='bbox 544 2069 600 2118; x_wconf 81' lang='lat' dir='ltr'><strong>pag.</strong></span> <span class='ocrx_word' id='word_1_214' title='bbox 609 2057 666 2102; x_wconf 88' lang='grc'><strong>871.</strong></span> <span class='ocrx_word' id='word_1_215' title='bbox 683 2055 780 2105; x_wconf 82' lang='lat' dir='ltr'><strong>Munut.</strong></span> <span class='ocrx_word' id='word_1_216' title='bbox 787 2057 817 2103; x_wconf 79' lang='lat' dir='ltr'><strong>ed</strong></span> <span class='ocrx_word' id='word_1_217' title='bbox 827 2055 916 2105; x_wconf 81' lang='lat' dir='ltr'><strong>Fornil.</strong></span> <span class='ocrx_word' id='word_1_218' title='bbox 926 2071 981 2120; x_wconf 80' lang='lat' dir='ltr'><strong>pag.</strong></span> <span class='ocrx_word' id='word_1_219' title='bbox 992 2063 1050 2108; x_wconf 80' lang='grc'><strong>468.</strong></span> <span class='ocrx_word' id='word_1_220' title='bbox 1060 2060 1167 2110; x_wconf 86' lang='lat' dir='ltr'><strong>Rittere·</strong></span> 
     </span>
     <span class='ocr_line' id='line_1_23' title="bbox 63 2119 715 2186; baseline -0.002 -17"><span class='ocrx_word' id='word_1_221' title='bbox 63 2121 118 2171; x_wconf 72' lang='lat' dir='ltr'><strong>ias.</strong></span> <span class='ocrx_word' id='word_1_222' title='bbox 136 2119 168 2167; x_wconf 83' lang='lat' dir='ltr'><strong>ad</strong></span> <span class='ocrx_word' id='word_1_223' title='bbox 184 2121 289 2171; x_wconf 74' lang='lat' dir='ltr'><strong>Sciriam</strong></span> <span class='ocrx_word' id='word_1_224' title='bbox 298 2137 322 2186; x_wconf 90' lang='lat' dir='ltr'><strong>p.</strong></span> <span class='ocrx_word' id='word_1_225' title='bbox 333 2125 391 2171; x_wconf 79' lang='grc'><strong>491.</strong></span> <span class='ocrx_word' id='word_1_226' title='bbox 411 2120 500 2170; x_wconf 78' lang='lat' dir='ltr'><strong>Weitz.</strong></span> <span class='ocrx_word' id='word_1_227' title='bbox 511 2119 542 2168; x_wconf 81' lang='lat' dir='ltr'><strong>sd</strong></span> <span class='ocrx_word' id='word_1_228' title='bbox 553 2121 609 2169; x_wconf 82' lang='lat' dir='ltr'><strong>Ter.</strong></span> <span class='ocrx_word' id='word_1_229' title='bbox 620 2136 645 2183; x_wconf 87' lang='lat' dir='ltr'><strong>p.</strong></span> <span class='ocrx_word' id='word_1_230' title='bbox 658 2122 715 2168; x_wconf 82' lang='grc'><strong>115.</strong></span> 
     </span>
    </p>
   </div>
   <div class='ocr_carea' id='block_1_9' title="bbox 491 2312 808 2366">
    <p class='ocr_par' dir='ltr' id='par_1_9' title="bbox 491 2312 808 2366">
     <span class='ocr_line' id='line_1_24' title="bbox 491 2312 808 2366; baseline 0.003 -4"><span class='ocrx_word' id='word_1_231' title='bbox 491 2312 606 2364; x_wconf 84' lang='lat' dir='ltr'>CAPUT</span> <span class='ocrx_word' id='word_1_232' title='bbox 633 2314 744 2366; x_wconf 74' lang='lat' dir='ltr'><strong>ccuxt.</strong></span> <span class='ocrx_word' id='word_1_233' title='bbox 806 2357 808 2363; x_wconf 93' lang='lat'>.</span> 
     </span>
    </p>
   </div>
   <div class='ocr_carea' id='block_1_10' title="bbox 427 2416 841 2617">
    <p class='ocr_par' dir='ltr' id='par_1_10' title="bbox 427 2416 841 2617">
     <span class='ocr_line' id='line_1_25' title="bbox 427 2416 841 2500; baseline -0.005 0"><span class='ocrx_word' id='word_1_234' title='bbox 427 2438 477 2500; x_wconf 81' lang='lat' dir='ltr'><strong>De</strong></span> <span class='ocrx_word' id='word_1_235' title='bbox 490 2416 640 2499; x_wconf 83' lang='lat' dir='ltr'><strong>Aduerbio</strong></span> <span class='ocrx_word' id='word_1_236' title='bbox 659 2439 818 2499; x_wconf 81' lang='lat' dir='ltr'><strong>Tnuonn.</strong></span> <span class='ocrx_word' id='word_1_237' title='bbox 839 2431 841 2437; x_wconf 76' lang='grc'><strong>’</strong></span> 
     </span>
     <span class='ocr_line' id='line_1_26' title="bbox 476 2536 808 2617; baseline 0 -1"><span class='ocrx_word' id='word_1_238' title='bbox 476 2571 501 2616; x_wconf 85' lang='grc' dir='ltr'><strong>ι.</strong></span> <span class='ocrx_word' id='word_1_239' title='bbox 518 2567 755 2617; x_wconf 72' lang='lat' dir='ltr'><strong>renomimmntis.</strong></span> <span class='ocrx_word' id='word_1_240' title='bbox 783 2536 785 2544; x_wconf 68' lang='grc'><em>’</em></span> <span class='ocrx_word' id='word_1_241' title='bbox 807 2599 808 2602; x_wconf 62' lang='lat'>,</span> 
     </span>
    </p>
   </div>
   <div class='ocr_carea' id='block_1_11' title="bbox 63 2645 1208 3297">
    <p class='ocr_par' dir='ltr' id='par_1_11' title="bbox 63 2645 1208 3297">
     <span class='ocr_line' id='line_1_27' title="bbox 97 2645 1189 2722; baseline 0.01 -26"><span class='ocrx_word' id='word_1_242' title='bbox 97 2646 218 2696; x_wconf 79' lang='lat' dir='ltr'><strong>&#39;l&#39;srrnnrr</strong></span> <span class='ocrx_word' id='word_1_243' title='bbox 229 2645 323 2722; x_wconf 79' lang='lat' dir='ltr'><strong>proprie</strong></span> <span class='ocrx_word' id='word_1_244' title='bbox 336 2646 431 2709; x_wconf 82' lang='lat' dir='ltr'><strong>quidem</strong></span> <span class='ocrx_word' id='word_1_245' title='bbox 447 2656 485 2697; x_wconf 85' lang='lat' dir='ltr'><strong>est</strong></span> <span class='ocrx_word' id='word_1_246' title='bbox 501 2647 641 2696; x_wconf 83' lang='lat' dir='ltr'><strong>adverbium</strong></span> <span class='ocrx_word' id='word_1_247' title='bbox 657 2647 787 2712; x_wconf 86' lang='lat' dir='ltr'><strong>temporis:</strong></span> <span class='ocrx_word' id='word_1_248' title='bbox 811 2664 893 2698; x_wconf 86' lang='lat' dir='ltr'><strong>rernm</strong></span> <span class='ocrx_word' id='word_1_249' title='bbox 905 2665 969 2716; x_wconf 74' lang='lat' dir='ltr'><strong>sepe</strong></span> <span class='ocrx_word' id='word_1_250' title='bbox 984 2650 1034 2701; x_wconf 87' lang='lat' dir='ltr'><strong>rim</strong></span> <span class='ocrx_word' id='word_1_251' title='bbox 1044 2653 1119 2705; x_wconf 81' lang='lat' dir='ltr'><strong>hebet</strong></span> <span class='ocrx_word' id='word_1_252' title='bbox 1127 2655 1166 2706; x_wconf 88' lang='lat' dir='ltr'><strong>in·</strong></span> <span class='ocrx_word' id='word_1_253' title='bbox 1185 2669 1189 2675; x_wconf 87' lang='grc'><strong><em>·</em></strong></span> 
     </span>
     <span class='ocr_line' id='line_1_28' title="bbox 66 2712 1169 2783; baseline 0.008 -21"><span class='ocrx_word' id='word_1_254' title='bbox 66 2712 325 2762; x_wconf 78' lang='lat' dir='ltr'><strong>stendlrebementros.</strong></span> <span class='ocrx_word' id='word_1_255' title='bbox 344 2713 395 2760; x_wconf 82' lang='lat' dir='ltr'><strong>Cic.</strong></span> <span class='ocrx_word' id='word_1_256' title='bbox 406 2717 418 2760; x_wconf 92' lang='grc'><strong>1</strong></span> <span class='ocrx_word' id='word_1_257' title='bbox 433 2713 506 2763; x_wconf 80' lang='lat' dir='ltr'><strong>Catil.</strong></span> <span class='ocrx_word' id='word_1_258' title='bbox 517 2729 539 2761; x_wconf 87' lang='lat' dir='ltr'><strong>c.</strong></span> <span class='ocrx_word' id='word_1_259' title='bbox 547 2718 571 2762; x_wconf 89' lang='grc'><strong>1.</strong></span> <span class='ocrx_word' id='word_1_260' title='bbox 588 2713 719 2776; x_wconf 83' lang='lat' dir='ltr'><strong>Quousque</strong></span> <span class='ocrx_word' id='word_1_261' title='bbox 729 2715 825 2762; x_wconf 89' lang='lat' dir='ltr'><strong>tandem</strong></span> <span class='ocrx_word' id='word_1_262' title='bbox 833 2714 931 2764; x_wconf 79' lang='lat' dir='ltr'><strong>abutere</strong></span> <span class='ocrx_word' id='word_1_263' title='bbox 940 2718 1045 2767; x_wconf 82' lang='lat' dir='ltr'><strong>Catilina</strong></span> <span class='ocrx_word' id='word_1_264' title='bbox 1052 2722 1169 2783; x_wconf 73' lang='lat' dir='ltr'><strong>patientia</strong></span> 
     </span>
     <span class='ocr_line' id='line_1_29' title="bbox 65 2776 1208 2848; baseline 0.012 -22"><span class='ocrx_word' id='word_1_265' title='bbox 65 2779 164 2826; x_wconf 79' lang='lat' dir='ltr'><strong>nostrat</strong></span> <span class='ocrx_word' id='word_1_266' title='bbox 198 2777 263 2826; x_wconf 84' lang='lat' dir='ltr'><strong>How</strong></span> <span class='ocrx_word' id='word_1_267' title='bbox 272 2779 329 2840; x_wconf 81' lang='lat' dir='ltr'><strong>long</strong></span> <span class='ocrx_word' id='word_1_268' title='bbox 339 2776 395 2826; x_wconf 85' lang='lat' dir='ltr'><strong>tben</strong></span> <span class='ocrx_word' id='word_1_269' title='bbox 403 2778 455 2826; x_wconf 85' lang='lat' dir='ltr'><strong>roilt</strong></span> <span class='ocrx_word' id='word_1_270' title='bbox 466 2777 523 2826; x_wconf 81' lang='lat' dir='ltr'><strong>tltou</strong></span> <span class='ocrx_word' id='word_1_271' title='bbox 533 2779 644 2828; x_wconf 81' lang='lat' dir='ltr'><strong>continue</strong></span> <span class='ocrx_word' id='word_1_272' title='bbox 658 2785 683 2828; x_wconf 86' lang='lat' dir='ltr'><strong>to</strong></span> <span class='ocrx_word' id='word_1_273' title='bbox 693 2778 763 2828; x_wconf 83' lang='lat' dir='ltr'><strong>obuss</strong></span> <span class='ocrx_word' id='word_1_274' title='bbox 773 2794 816 2828; x_wconf 82' lang='lat' dir='ltr'><strong>our</strong></span> <span class='ocrx_word' id='word_1_275' title='bbox 825 2781 951 2842; x_wconf 75' lang='lat' dir='ltr'><strong>patience?</strong></span> <span class='ocrx_word' id='word_1_276' title='bbox 983 2784 1023 2833; x_wconf 80' lang='lat' dir='ltr'><strong>ld.</strong></span> <span class='ocrx_word' id='word_1_277' title='bbox 1030 2800 1075 2848; x_wconf 86' lang='lat' dir='ltr'><strong>pro</strong></span> <span class='ocrx_word' id='word_1_278' title='bbox 1085 2787 1168 2840; x_wconf 79' lang='lat' dir='ltr'><strong>Flore.</strong></span> <span class='ocrx_word' id='word_1_279' title='bbox 1205 2787 1208 2793; x_wconf 84' lang='grc'><em>’</em></span> 
     </span>
     <span class='ocr_line' id='line_1_30' title="bbox 66 2841 1169 2906; baseline 0.011 -15"><span class='ocrx_word' id='word_1_280' title='bbox 66 2860 90 2891; x_wconf 92' lang='lat' dir='ltr'><strong>c.</strong></span> <span class='ocrx_word' id='word_1_281' title='bbox 101 2847 140 2892; x_wconf 89' lang='grc'><strong>10.</strong></span> <span class='ocrx_word' id='word_1_282' title='bbox 157 2842 244 2892; x_wconf 89' lang='lat' dir='ltr'><strong>Utrum</strong></span> <span class='ocrx_word' id='word_1_283' title='bbox 258 2841 297 2889; x_wconf 88' lang='lat' dir='ltr'><strong>hic</strong></span> <span class='ocrx_word' id='word_1_284' title='bbox 316 2841 412 2890; x_wconf 84' lang='lat' dir='ltr'><strong>tandem</strong></span> <span class='ocrx_word' id='word_1_285' title='bbox 426 2841 623 2906; x_wconf 79' lang='lat' dir='ltr'><strong>disceptationem</strong></span> <span class='ocrx_word' id='word_1_286' title='bbox 634 2851 659 2892; x_wconf 82' lang='lat' dir='ltr'><strong>et</strong></span> <span class='ocrx_word' id='word_1_287' title='bbox 674 2843 836 2906; x_wconf 85' lang='lat' dir='ltr'><strong>cognitionem</strong></span> <span class='ocrx_word' id='word_1_288' title='bbox 846 2845 964 2903; x_wconf 82' lang='lat' dir='ltr'><strong>veritatis,</strong></span> <span class='ocrx_word' id='word_1_289' title='bbox 980 2862 1010 2896; x_wconf 87' lang='lat' dir='ltr'><strong>an</strong></span> <span class='ocrx_word' id='word_1_290' title='bbox 1023 2850 1169 2903; x_wconf 74' lang='lat' dir='ltr'><strong>innocentie</strong></span> 
     </span>
     <span class='ocr_line' id='line_1_31' title="bbox 67 2907 1167 2981; baseline 0.008 -26"><span class='ocrx_word' id='word_1_291' title='bbox 67 2907 147 2956; x_wconf 83' lang='lat' dir='ltr'><strong>labem</strong></span> <span class='ocrx_word' id='word_1_292' title='bbox 162 2907 265 2970; x_wconf 81' lang='lat' dir='ltr'><strong>aliquem</strong></span> <span class='ocrx_word' id='word_1_293' title='bbox 277 2916 319 2955; x_wconf 89' lang='lat' dir='ltr'><strong>ant</strong></span> <span class='ocrx_word' id='word_1_294' title='bbox 328 2907 422 2955; x_wconf 87' lang='lat' dir='ltr'><strong>ruinam</strong></span> <span class='ocrx_word' id='word_1_295' title='bbox 435 2907 486 2955; x_wconf 86' lang='lat' dir='ltr'><strong>iore</strong></span> <span class='ocrx_word' id='word_1_296' title='bbox 497 2907 606 2969; x_wconf 85' lang='lat' dir='ltr'><strong>putatis?</strong></span> <span class='ocrx_word' id='word_1_297' title='bbox 635 2909 675 2957; x_wconf 84' lang='lat' dir='ltr'><strong>Id.</strong></span> <span class='ocrx_word' id='word_1_298' title='bbox 687 2909 706 2955; x_wconf 89' lang='lat' dir='ltr'><strong>l.</strong></span> <span class='ocrx_word' id='word_1_299' title='bbox 717 2911 776 2957; x_wconf 77' lang='lat' dir='ltr'><strong>de</strong></span> <span class='ocrx_word' id='word_1_300' title='bbox 788 2910 822 2957; x_wconf 84' lang='lat' dir='ltr'><strong>N.</strong></span> <span class='ocrx_word' id='word_1_301' title='bbox 834 2910 868 2958; x_wconf 90' lang='lat' dir='ltr'><strong>D.</strong></span> <span class='ocrx_word' id='word_1_302' title='bbox 880 2915 952 2961; x_wconf 70' lang='lat' dir='ltr'><strong>citt.</strong></span> <span class='ocrx_word' id='word_1_303' title='bbox 974 2912 1028 2962; x_wconf 91' lang='lat' dir='ltr'><strong>Hoc</strong></span> <span class='ocrx_word' id='word_1_304' title='bbox 1042 2930 1085 2978; x_wconf 91' lang='lat' dir='ltr'><strong>per</strong></span> <span class='ocrx_word' id='word_1_305' title='bbox 1099 2919 1167 2981; x_wconf 83' lang='lat' dir='ltr'><strong>ipsos</strong></span> 
     </span>
     <span class='ocr_line' id='line_1_32' title="bbox 67 2971 1169 3038; baseline 0.011 -17"><span class='ocrx_word' id='word_1_306' title='bbox 67 2972 138 3022; x_wconf 87' lang='lat' dir='ltr'><strong>Deos</strong></span> <span class='ocrx_word' id='word_1_307' title='bbox 152 2973 223 3038; x_wconf 87' lang='lat' dir='ltr'><strong>quale</strong></span> <span class='ocrx_word' id='word_1_308' title='bbox 239 2971 338 3020; x_wconf 81' lang='lat' dir='ltr'><strong>tandem</strong></span> <span class='ocrx_word' id='word_1_309' title='bbox 355 2972 408 3019; x_wconf 85' lang='lat' dir='ltr'><strong>est?</strong></span> <span class='ocrx_word' id='word_1_310' title='bbox 437 2974 476 3022; x_wconf 80' lang='lat' dir='ltr'><strong>Iri.</strong></span> <span class='ocrx_word' id='word_1_311' title='bbox 488 2972 580 3021; x_wconf 75' lang='lat' dir='ltr'><strong>Parati.</strong></span> <span class='ocrx_word' id='word_1_312' title='bbox 592 2976 616 3021; x_wconf 87' lang='grc'><strong>6.</strong></span> <span class='ocrx_word' id='word_1_313' title='bbox 629 2989 649 3021; x_wconf 89' lang='lat' dir='ltr'><strong>c.</strong></span> <span class='ocrx_word' id='word_1_314' title='bbox 660 2977 682 3020; x_wconf 95' lang='grc'><strong>1.</strong></span> <span class='ocrx_word' id='word_1_315' title='bbox 700 2972 761 3030; x_wconf 76' lang='lat' dir='ltr'><strong>Qun</strong></span> <span class='ocrx_word' id='word_1_316' title='bbox 775 2972 873 3023; x_wconf 85' lang='lat' dir='ltr'><strong>tandem</strong></span> <span class='ocrx_word' id='word_1_317' title='bbox 886 2985 924 3024; x_wconf 84' lang='lat' dir='ltr'><strong>est</strong></span> <span class='ocrx_word' id='word_1_318' title='bbox 939 2977 986 3026; x_wconf 81' lang='lat' dir='ltr'><strong>ista</strong></span> <span class='ocrx_word' id='word_1_319' title='bbox 1000 2986 1047 3027; x_wconf 85' lang='lat' dir='ltr'><strong>tam</strong></span> <span class='ocrx_word' id='word_1_320' title='bbox 1061 2980 1169 3033; x_wconf 83' lang='lat' dir='ltr'><strong>insolens</strong></span> 
     </span>
     <span class='ocr_line' id='line_1_33' title="bbox 67 3035 1170 3098; baseline 0.011 -12"><span class='ocrx_word' id='word_1_321' title='bbox 67 3037 205 3086; x_wconf 69' lang='lat' dir='ltr'><strong>divitiarum</strong></span> <span class='ocrx_word' id='word_1_322' title='bbox 213 3035 356 3087; x_wconf 82' lang='lat' dir='ltr'><strong>ostentatio?</strong></span> <span class='ocrx_word' id='word_1_323' title='bbox 366 3035 386 3068; x_wconf 80' lang='lat'><strong>¹⁶</strong></span> <span class='ocrx_word' id='word_1_324' title='bbox 419 3036 458 3087; x_wconf 79' lang='lat' dir='ltr'><strong>to.</strong></span> <span class='ocrx_word' id='word_1_325' title='bbox 471 3041 487 3086; x_wconf 74' lang='grc'>2</span> <span class='ocrx_word' id='word_1_326' title='bbox 501 3037 640 3087; x_wconf 71' lang='lat' dir='ltr'><strong>entitur.</strong></span> <span class='ocrx_word' id='word_1_327' title='bbox 658 3038 754 3096; x_wconf 85' lang='lat' dir='ltr'><strong>Quanto</strong></span> <span class='ocrx_word' id='word_1_328' title='bbox 765 3039 862 3087; x_wconf 75' lang='lat' dir='ltr'><strong>tandem</strong></span> <span class='ocrx_word' id='word_1_329' title='bbox 871 3039 938 3088; x_wconf 89' lang='lat' dir='ltr'><strong>illum</strong></span> <span class='ocrx_word' id='word_1_330' title='bbox 946 3057 1045 3093; x_wconf 83' lang='lat' dir='ltr'><strong>moerore</strong></span> <span class='ocrx_word' id='word_1_331' title='bbox 1055 3047 1170 3098; x_wconf 77' lang='lat' dir='ltr'><strong>efflictum</strong></span> 
     </span>
     <span class='ocr_line' id='line_1_34' title="bbox 67 3100 1169 3165; baseline 0.011 -15"><span class='ocrx_word' id='word_1_332' title='bbox 67 3116 122 3150; x_wconf 82' lang='lat' dir='ltr'><strong>esse</strong></span> <span class='ocrx_word' id='word_1_333' title='bbox 133 3111 158 3149; x_wconf 87' lang='lat' dir='ltr'><strong>et</strong></span> <span class='ocrx_word' id='word_1_334' title='bbox 173 3101 323 3165; x_wconf 73' lang='lat' dir='ltr'><strong>profligatum</strong></span> <span class='ocrx_word' id='word_1_335' title='bbox 335 3101 440 3165; x_wconf 85' lang='lat' dir='ltr'><strong>putetis?</strong></span> <span class='ocrx_word' id='word_1_336' title='bbox 458 3102 498 3151; x_wconf 78' lang='lat' dir='ltr'><strong>lo.</strong></span> <span class='ocrx_word' id='word_1_337' title='bbox 509 3101 526 3149; x_wconf 85' lang='lat' dir='ltr'><strong>l.</strong></span> <span class='ocrx_word' id='word_1_338' title='bbox 537 3106 561 3152; x_wconf 87' lang='lat'><strong>1.</strong></span> <span class='ocrx_word' id='word_1_339' title='bbox 569 3102 598 3151; x_wconf 85' lang='lat' dir='ltr'><strong>‹le</strong></span> <span class='ocrx_word' id='word_1_340' title='bbox 608 3100 670 3165; x_wconf 72' lang='lat' dir='ltr'><strong>Lug.</strong></span> <span class='ocrx_word' id='word_1_341' title='bbox 680 3119 701 3151; x_wconf 91' lang='lat' dir='ltr'><strong>c.</strong></span> <span class='ocrx_word' id='word_1_342' title='bbox 713 3108 737 3151; x_wconf 88' lang='lat'><strong>1.</strong></span> <span class='ocrx_word' id='word_1_343' title='bbox 759 3105 878 3161; x_wconf 89' lang='lat' dir='ltr'><strong>Quorsum</strong></span> <span class='ocrx_word' id='word_1_344' title='bbox 895 3105 992 3156; x_wconf 82' lang='lat' dir='ltr'><strong>tundens</strong></span> <span class='ocrx_word' id='word_1_345' title='bbox 1008 3118 1049 3158; x_wconf 82' lang='lat' dir='ltr'><strong>aut</strong></span> <span class='ocrx_word' id='word_1_346' title='bbox 1064 3127 1107 3159; x_wconf 91' lang='lat' dir='ltr'><strong>cur</strong></span> <span class='ocrx_word' id='word_1_347' title='bbox 1121 3102 1169 3164; x_wconf 74' lang='lat' dir='ltr'><strong>lstn</strong></span> 
     </span>
     <span class='ocr_line' id='line_1_35' title="bbox 68 3165 1168 3284; baseline 0.012 -68"><span class='ocrx_word' id='word_1_348' title='bbox 68 3165 157 3231; x_wconf 77' lang='lat' dir='ltr'><strong>queris</strong></span> <span class='ocrx_word' id='word_1_349' title='bbox 158 3166 175 3284; x_wconf 55' lang='grc' dir='ltr'><em>ἐ</em></span> <span class='ocrx_word' id='word_1_350' title='bbox 192 3166 321 3228; x_wconf 81' lang='lat' dir='ltr'><strong>wbcrefore</strong></span> <span class='ocrx_word' id='word_1_351' title='bbox 335 3169 384 3216; x_wconf 83' lang='lat' dir='ltr'><strong>ond</strong></span> <span class='ocrx_word' id='word_1_352' title='bbox 393 3167 448 3233; x_wconf 78' lang='lat' dir='ltr'><strong>uby</strong></span> <span class='ocrx_word' id='word_1_353' title='bbox 457 3169 486 3218; x_wconf 82' lang='lat' dir='ltr'><strong>do</strong></span> <span class='ocrx_word' id='word_1_354' title='bbox 496 3182 542 3231; x_wconf 73' lang='lat' dir='ltr'><strong>you</strong></span> <span class='ocrx_word' id='word_1_355' title='bbox 551 3169 595 3218; x_wconf 83' lang='lat' dir='ltr'><strong>oelr</strong></span> <span class='ocrx_word' id='word_1_356' title='bbox 605 3167 672 3220; x_wconf 75' lang='lat' dir='ltr'><strong>tiit?</strong></span> <span class='ocrx_word' id='word_1_357' title='bbox 688 3167 771 3217; x_wconf 72' lang='lat' dir='ltr'><strong>&#39;Num</strong></span> <span class='ocrx_word' id='word_1_358' title='bbox 781 3169 885 3219; x_wconf 71' lang='lat' dir='ltr'><strong>tandem.</strong></span> <span class='ocrx_word' id='word_1_359' title='bbox 910 3173 998 3226; x_wconf 84' lang='lat' dir='ltr'><strong>Boetlt.</strong></span> <span class='ocrx_word' id='word_1_360' title='bbox 1012 3177 1168 3230; x_wconf 75' lang='lat' dir='ltr'><strong>osmonte.</strong></span> 
     </span>
     <span class='ocr_line' id='line_1_36' title="bbox 63 3236 183 3297; baseline 0 -18"><span class='ocrx_word' id='word_1_361' title='bbox 63 3236 156 3297; x_wconf 73' lang='lat' dir='ltr'><strong>proni</strong></span> <span class='ocrx_word' id='word_1_362' title='bbox 175 3264 183 3279; x_wconf 88' lang='lat'><strong>.</strong></span> 
     </span>
    </p>
   </div>
   <div class='ocr_carea' id='block_1_12' title="bbox 354 3330 883 3397">
    <p class='ocr_par' dir='ltr' id='par_1_12' title="bbox 354 3330 883 3397">
     <span class='ocr_line' id='line_1_37' title="bbox 354 3330 883 3397; baseline 0.009 -18"><span class='ocrx_word' id='word_1_363' title='bbox 354 3333 380 3379; x_wconf 82' lang='grc'><strong>1.</strong></span> <span class='ocrx_word' id='word_1_364' title='bbox 398 3331 503 3380; x_wconf 74' lang='lat' dir='ltr'><strong>Tandem</strong></span> <span class='ocrx_word' id='word_1_365' title='bbox 512 3331 653 3396; x_wconf 75' lang='lat' dir='ltr'><strong>eliquescit:</strong></span> <span class='ocrx_word' id='word_1_366' title='bbox 675 3330 883 3397; x_wconf 68' lang='lat' dir='ltr'><strong>legertliqrundo.</strong></span> 
     </span>
    </p>
   </div>
   <div class='ocr_carea' id='block_1_13' title="bbox 500 3426 740 3490">
    <p class='ocr_par' dir='ltr' id='par_1_13' title="bbox 500 3426 740 3490">
     <span class='ocr_line' id='line_1_38' title="bbox 500 3426 740 3490; baseline 0.004 -13"><span class='ocrx_word' id='word_1_367' title='bbox 500 3427 516 3458; x_wconf 72' lang='lat'>&#39;</span> <span class='ocrx_word' id='word_1_368' title='bbox 526 3432 551 3477; x_wconf 75' lang='grc'><strong>3.</strong></span> <span class='ocrx_word' id='word_1_369' title='bbox 571 3426 740 3490; x_wconf 75' lang='lat' dir='ltr'><strong>Tondemjom.</strong></span> 
     </span>
    </p>
   </div>
   <div class='ocr_carea' id='block_1_14' title="bbox 68 3507 1170 3639">
    <p class='ocr_par' dir='ltr' id='par_1_14' title="bbox 68 3507 1170 3639">
     <span class='ocr_line' id='line_1_39' title="bbox 101 3507 1170 3580; baseline 0.007 -21"><span class='ocrx_word' id='word_1_370' title='bbox 101 3507 158 3559; x_wconf 77' lang='lat' dir='ltr'><strong>Lr&#39;u.</strong></span> <span class='ocrx_word' id='word_1_371' title='bbox 169 3507 187 3556; x_wconf 89' lang='lat' dir='ltr'><strong>l.</strong></span> <span class='ocrx_word' id='word_1_372' title='bbox 195 3511 219 3558; x_wconf 86' lang='lat' dir='ltr'><strong>e.</strong></span> <span class='ocrx_word' id='word_1_373' title='bbox 229 3523 251 3557; x_wconf 82' lang='lat' dir='ltr'><strong>e.</strong></span> <span class='ocrx_word' id='word_1_374' title='bbox 258 3512 282 3556; x_wconf 79' lang='lat' dir='ltr'><strong>t.</strong></span> <span class='ocrx_word' id='word_1_375' title='bbox 299 3507 405 3571; x_wconf 86' lang='lat' dir='ltr'><strong>Tempus</strong></span> <span class='ocrx_word' id='word_1_376' title='bbox 413 3516 471 3565; x_wconf 81' lang='lat' dir='ltr'><strong>ernt,</strong></span> <span class='ocrx_word' id='word_1_377' title='bbox 481 3508 568 3568; x_wconf 83' lang='lat' dir='ltr'><strong>Manli,</strong></span> <span class='ocrx_word' id='word_1_378' title='bbox 579 3524 670 3575; x_wconf 86' lang='lat' dir='ltr'><strong>vosque</strong></span> <span class='ocrx_word' id='word_1_379' title='bbox 677 3509 761 3560; x_wconf 83' lang='lat' dir='ltr'><strong>Patres</strong></span> <span class='ocrx_word' id='word_1_380' title='bbox 769 3510 908 3577; x_wconf 85' lang='lat' dir='ltr'><strong>conscripti,</strong></span> <span class='ocrx_word' id='word_1_381' title='bbox 915 3513 1065 3580; x_wconf 79' lang='lat' dir='ltr'><strong>tundemjrm</strong></span> <span class='ocrx_word' id='word_1_382' title='bbox 1075 3532 1119 3565; x_wconf 85' lang='lat' dir='ltr'><strong>ros</strong></span> <span class='ocrx_word' id='word_1_383' title='bbox 1126 3532 1170 3566; x_wconf 91' lang='lat' dir='ltr'><strong>no·</strong></span> 
     </span>
     <span class='ocr_line' id='line_1_40' title="bbox 68 3572 482 3639; baseline -0.007 -14"><span class='ocrx_word' id='word_1_384' title='bbox 68 3572 161 3625; x_wconf 77' lang='lat' dir='ltr'><strong>bissum</strong></span> <span class='ocrx_word' id='word_1_385' title='bbox 169 3573 229 3622; x_wconf 84' lang='lat' dir='ltr'><strong>nibil</strong></span> <span class='ocrx_word' id='word_1_386' title='bbox 238 3589 282 3638; x_wconf 84' lang='lat' dir='ltr'><strong>pro</strong></span> <span class='ocrx_word' id='word_1_387' title='bbox 290 3572 391 3639; x_wconf 83' lang='lat' dir='ltr'><strong>imperio</strong></span> <span class='ocrx_word' id='word_1_388' title='bbox 402 3589 482 3638; x_wconf 72' lang='lat' dir='ltr'><strong>agere.</strong></span> 
     </span>
    </p>
   </div>
   <div class='ocr_carea' id='block_1_15' title="bbox 104 3692 735 3839">
    <p class='ocr_par' dir='ltr' id='par_1_15' title="bbox 104 3692 735 3839">
     <span class='ocr_line' id='line_1_41' title="bbox 511 3692 735 3758; baseline 0.004 -17"><span class='ocrx_word' id='word_1_389' title='bbox 511 3692 549 3758; x_wconf 79' lang='grc'><strong>(4.</strong></span> <span class='ocrx_word' id='word_1_390' title='bbox 570 3693 620 3744; x_wconf 74' lang='lat' dir='ltr'><strong>Vix</strong></span> <span class='ocrx_word' id='word_1_391' title='bbox 631 3694 735 3743; x_wconf 73' lang='lat' dir='ltr'><strong>tandm</strong></span> 
     </span>
     <span class='ocr_line' id='line_1_42' title="bbox 104 3770 705 3839; baseline 0.002 -17"><span class='ocrx_word' id='word_1_392' title='bbox 104 3773 159 3822; x_wconf 78' lang='lat' dir='ltr'><strong>Ter.</strong></span> <span class='ocrx_word' id='word_1_393' title='bbox 169 3770 250 3822; x_wconf 78' lang='lat' dir='ltr'><strong>Andr.</strong></span> <span class='ocrx_word' id='word_1_394' title='bbox 266 3777 290 3822; x_wconf 77' lang='lat'><strong>3.</strong></span> <span class='ocrx_word' id='word_1_395' title='bbox 299 3774 323 3822; x_wconf 89' lang='lat'><strong>1.</strong></span> <span class='ocrx_word' id='word_1_396' title='bbox 339 3771 390 3822; x_wconf 87' lang='lat' dir='ltr'><strong>Vix</strong></span> <span class='ocrx_word' id='word_1_397' title='bbox 400 3772 497 3822; x_wconf 84' lang='lat' dir='ltr'><strong>tandem</strong></span> <span class='ocrx_word' id='word_1_398' title='bbox 506 3773 571 3823; x_wconf 86' lang='lat' dir='ltr'><strong>sensi</strong></span> <span class='ocrx_word' id='word_1_399' title='bbox 581 3772 705 3839; x_wconf 83' lang='lat' dir='ltr'><strong>stolidus.)</strong></span> 
     </span>
    </p>
   </div>
   <div class='ocr_carea' id='block_1_16' title="bbox 70 3861 1170 4086">
    <p class='ocr_par' dir='ltr' id='par_1_16' title="bbox 70 3861 1170 4086">
     <span class='ocr_line' id='line_1_43' title="bbox 211 3861 1165 3957; baseline 0.003 -23"><span class='ocrx_word' id='word_1_400' title='bbox 211 3884 227 3916; x_wconf 72' lang='lat'><strong><em>⁴</em></strong></span> <span class='ocrx_word' id='word_1_401' title='bbox 237 3861 262 3934; x_wconf 73' lang='grc' dir='ltr'><strong>Β.</strong></span> <span class='ocrx_word' id='word_1_402' title='bbox 279 3887 384 3938; x_wconf 75' lang='lat' dir='ltr'><strong>Tandem</strong></span> <span class='ocrx_word' id='word_1_403' title='bbox 393 3894 449 3950; x_wconf 88' lang='lat' dir='ltr'><strong>post</strong></span> <span class='ocrx_word' id='word_1_404' title='bbox 458 3887 519 3937; x_wconf 86' lang='lat' dir='ltr'><strong>duos</strong></span> <span class='ocrx_word' id='word_1_405' title='bbox 529 3889 645 3938; x_wconf 81' lang='lat' dir='ltr'><strong>ablativos</strong></span> <span class='ocrx_word' id='word_1_406' title='bbox 655 3887 831 3952; x_wconf 84' lang='lat' dir='ltr'><strong>consequentia</strong></span> <span class='ocrx_word' id='word_1_407' title='bbox 842 3890 881 3938; x_wconf 89' lang='lat' dir='ltr'><strong>rel</strong></span> <span class='ocrx_word' id='word_1_408' title='bbox 896 3890 1032 3957; x_wconf 74' lang='lat' dir='ltr'><strong>participio.</strong></span> <span class='ocrx_word' id='word_1_409' title='bbox 1161 3922 1165 3937; x_wconf 84' lang='grc'><strong>.</strong></span> 
     </span>
     <span class='ocr_line' id='line_1_44' title="bbox 102 3949 1170 4016; baseline 0.007 -15"><span class='ocrx_word' id='word_1_410' title='bbox 102 3949 161 4001; x_wconf 72' lang='lat' dir='ltr'><strong>tto.</strong></span> <span class='ocrx_word' id='word_1_411' title='bbox 171 3950 189 4003; x_wconf 73' lang='lat' dir='ltr'><strong>l.</strong></span> <span class='ocrx_word' id='word_1_412' title='bbox 199 3954 225 4000; x_wconf 80' lang='grc'><strong>1.</strong></span> <span class='ocrx_word' id='word_1_413' title='bbox 235 3966 258 4001; x_wconf 89' lang='lat' dir='ltr'><strong>c.</strong></span> <span class='ocrx_word' id='word_1_414' title='bbox 269 3956 310 4001; x_wconf 91' lang='grc'><strong>11.</strong></span> <span class='ocrx_word' id='word_1_415' title='bbox 328 3952 418 4015; x_wconf 73' lang='lat' dir='ltr'><strong>Magna</strong></span> <span class='ocrx_word' id='word_1_416' title='bbox 428 3955 539 4016; x_wconf 88' lang='lat' dir='ltr'><strong>utrinque</strong></span> <span class='ocrx_word' id='word_1_417' title='bbox 557 3955 623 4003; x_wconf 79' lang='lat' dir='ltr'><strong>edita</strong></span> <span class='ocrx_word' id='word_1_418' title='bbox 638 3954 713 4009; x_wconf 74' lang='lat' dir='ltr'><strong>cade,</strong></span> <span class='ocrx_word' id='word_1_419' title='bbox 731 3954 831 4002; x_wconf 84' lang='lat' dir='ltr'><strong>vertitur</strong></span> <span class='ocrx_word' id='word_1_420' title='bbox 841 3957 941 4006; x_wconf 84' lang='lat' dir='ltr'><strong>tandem</strong></span> <span class='ocrx_word' id='word_1_421' title='bbox 956 3959 1021 4006; x_wconf 79' lang='lat' dir='ltr'><strong>ecies</strong></span> <span class='ocrx_word' id='word_1_422' title='bbox 1036 3959 1170 4015; x_wconf 69' lang='lat' dir='ltr'><strong>Gallum</strong></span> 
     </span>
     <span class='ocr_line' id='line_1_45' title="bbox 70 4014 1163 4086; baseline 0.004 -19"><span class='ocrx_word' id='word_1_423' title='bbox 70 4014 205 4078; x_wconf 47' lang='lat' dir='ltr'><strong>usdrusu.</strong></span> <span class='ocrx_word' id='word_1_424' title='bbox 214 4031 238 4066; x_wconf 84' lang='lat' dir='ltr'><strong>c.</strong></span> <span class='ocrx_word' id='word_1_425' title='bbox 247 4020 289 4070; x_wconf 75' lang='grc'><strong>93.</strong></span> <span class='ocrx_word' id='word_1_426' title='bbox 305 4016 358 4067; x_wconf 87' lang='lat' dir='ltr'><strong>Diu</strong></span> <span class='ocrx_word' id='word_1_427' title='bbox 364 4019 512 4083; x_wconf 78' lang='lat' dir='ltr'><strong>multumque</strong></span> <span class='ocrx_word' id='word_1_428' title='bbox 524 4019 619 4082; x_wconf 75' lang='lat' dir='ltr'><strong>fatigati</strong></span> <span class='ocrx_word' id='word_1_429' title='bbox 628 4019 728 4068; x_wconf 84' lang='lat' dir='ltr'><strong>tandem</strong></span> <span class='ocrx_word' id='word_1_430' title='bbox 735 4019 761 4068; x_wconf 89' lang='lat' dir='ltr'><strong>in</strong></span> <span class='ocrx_word' id='word_1_431' title='bbox 771 4020 896 4070; x_wconf 72' lang='lat' dir='ltr'><strong>castellum</strong></span> <span class='ocrx_word' id='word_1_432' title='bbox 904 4024 1058 4086; x_wconf 78' lang='lat' dir='ltr'><strong>perveniunt.</strong></span> <span class='ocrx_word' id='word_1_433' title='bbox 1105 4062 1107 4067; x_wconf 68' lang='lat'>,</span> <span class='ocrx_word' id='word_1_434' title='bbox 1155 4044 1163 4071; x_wconf 92' lang='lat'><strong>·.</strong></span> 
     </span>
    </p>
   </div>
   <div class='ocr_carea' id='block_1_17' title="bbox 81 4161 1161 4188">
    <p class='ocr_par' dir='ltr' id='par_1_17' title="bbox 81 4161 1161 4188">
     <span class='ocr_line' id='line_1_46' title="bbox 81 4161 1161 4188; baseline 0.001 -18"><span class='ocrx_word' id='word_1_435' title='bbox 81 4161 1161 4188; x_wconf 77' lang='lat'><em>--—-—-—-—---—-—-----—·--———...</em></span> 
     </span>
    </p>
   </div>
   <div class='ocr_carea' id='block_1_18' title="bbox 67 4271 1200 4408">
    <p class='ocr_par' dir='ltr' id='par_1_18' title="bbox 67 4271 1200 4408">
     <span class='ocr_line' id='line_1_47' title="bbox 104 4271 1200 4348; baseline 0.007 -27"><span class='ocrx_word' id='word_1_436' title='bbox 104 4271 124 4304; x_wconf 74' lang='lat'><strong>¹⁶</strong></span> <span class='ocrx_word' id='word_1_437' title='bbox 140 4273 196 4322; x_wconf 85' lang='lat' dir='ltr'><strong>Hoc</strong></span> <span class='ocrx_word' id='word_1_438' title='bbox 209 4275 346 4338; x_wconf 69' lang='lat' dir='ltr'><strong>exemplum</strong></span> <span class='ocrx_word' id='word_1_439' title='bbox 362 4291 394 4325; x_wconf 86' lang='lat' dir='ltr'><strong>cx</strong></span> <span class='ocrx_word' id='word_1_440' title='bbox 411 4276 504 4326; x_wconf 80' lang='lat' dir='ltr'><strong>infideli</strong></span> <span class='ocrx_word' id='word_1_441' title='bbox 522 4279 605 4344; x_wconf 83' lang='lat' dir='ltr'><strong>potius</strong></span> <span class='ocrx_word' id='word_1_442' title='bbox 619 4280 862 4348; x_wconf 70' lang='lat' dir='ltr'><strong>alicujusmemor&#39;ta,</strong></span> <span class='ocrx_word' id='word_1_443' title='bbox 877 4287 925 4330; x_wconf 81' lang='lat' dir='ltr'><strong>aut</strong></span> <span class='ocrx_word' id='word_1_444' title='bbox 940 4298 957 4330; x_wconf 82' lang='lat' dir='ltr'><strong>e</strong></span> <span class='ocrx_word' id='word_1_445' title='bbox 971 4281 1056 4329; x_wconf 59' lang='lat' dir='ltr'><strong>nemo</strong></span> <span class='ocrx_word' id='word_1_446' title='bbox 1072 4274 1200 4344; x_wconf 59' lang='lat' dir='ltr'><strong>qondam,</strong></span> 
     </span>
     <span class='ocr_line' id='line_1_48' title="bbox 67 4339 1156 4408; baseline 0.013 -24"><span class='ocrx_word' id='word_1_447' title='bbox 67 4339 241 4400; x_wconf 76' lang='lat' dir='ltr'><strong>qomer&#39;ontc</strong></span> <span class='ocrx_word' id='word_1_448' title='bbox 253 4341 528 4408; x_wconf 71' lang='lat' dir='ltr'><strong>Cr&#39;crronr&#39;sprotlusisse</strong></span> <span class='ocrx_word' id='word_1_449' title='bbox 537 4346 645 4400; x_wconf 82' lang='lat' dir='ltr'><strong>ridetur.</strong></span> <span class='ocrx_word' id='word_1_450' title='bbox 678 4345 1156 4403; x_wconf 63' lang='lat' dir='ltr'><strong>ntetcsrtetnnnsnentatmemn-</strong></span> 
     </span>
    </p>
   </div>
   <div class='ocr_carea' id='block_1_19' title="bbox 0 0 1356 4636">
    <p class='ocr_par' dir='ltr' id='par_1_19' title="bbox 0 0 1356 4636">
     <span class='ocr_line' id='line_1_49' title="bbox 0 0 1356 4636; baseline 0 0"><span class='ocrx_word' id='word_1_451' title='bbox 0 0 1356 4636; x_wconf 95' lang='lat' dir='ltr'><strong> </strong></span> 
     </span>
    </p>
   </div>
  </div>
 </body>
</html>
