2670 4636
61 224 112 306 66
375 214 431 283 66
450 218 699 282 'aramenus
728 230 785 283 ets.
1095 220 1150 285 1⁷⁷

55 364 187 422 66616666
195 368 255 434 ipsis
263 362 387 434 presidiis,
397 369 495 433 indigus
502 368 550 433 jam
563 369 722 432 patiebantur.
755 368 1026 420 rationabatur
1037 371 1151 436 prinmrm
1236 332 1253 421 Ι.

53 437 170 515 616166ῐί6,
181 435 326 485 criminando
336 436 395 483 alios
402 437 464 497 apud
476 435 598 498 populum,
610 434 669 482 alios
680 449 722 482 sua
731 435 798 497 ipsos
808 435 898 483 invidia
906 444 1050 499 opportunos
1061 437 1150 486 intere·
1218 448 1223 455 '

56 511 113 553 ¹¹²·
313 577 361 629 *4.
373 579 428 641 lpse
435 577 530 625 additur
540 577 894 642 pronominimasinobliquo.
1078 636 1080 640 Ι

91 661 135 721 Sic
149 677 213 727 saepe
230 660 297 722 legas
312 660 438 724 scriptum,
449 673 492 708 sao
501 658 577 722 ipsias
586 660 658 723 culpo
669 659 743 724 periit
759 667 807 709 cet.
824 658 909 723 Angli,
924 660 1030 723 tbmugi
1044 661 1083 711 sss
1099 677 1153 713 oses

50 725 132 787 ’Μ’
420 791 444 836 6.
455 788 511 852 Ipse
519 802 562 850 pro
576 803 620 869 ego
629 788 687 852 ipse.
698 792 725 838 tu
734 789 792 852 ipre·
1201 742 1204 779 ι

90 870 116 896 ”
130 873 184 934 1666
197 869 269 918 trium
278 875 429 933 personarum
436 868 632 931 significationem
639 875 775 932 praesentat.
807 869 893 919 Linac.
905 869 923 917 1.
934 873 958 917 1.
967 886 993 934 6.
1005 873 1045 918 18.
1054 871 1119 921 Seni·
1129 887 1152 923 c.

55 939 115 985 126.
126 939 156 986 de
163 950 227 986 cous.
236 936 266 984 L.
274 936 304 984 L.
315 935 409 990 Primae,
420 933 533 982 66161116
543 935 620 982 0161.
631 939 655 982 4
666 935 734 984 Fam.
744 949 781 998 ep.
789 937 813 982 6.
829 934 887 982 Non
897 935 931 982 ita
941 934 1036 983 616666
1044 935 1152 1000 ingenim

56 1008 88 1048 ut
99 1008 124 1048 te
132 1001 248 1056 consoler,
258 1015 313 1047 cum
323 1000 376 1061 ipse
388 1014 427 1046 me
436 1013 484 1045 non
497 999 593 1057 possim.

93 1066 252 1120 Secundae,ut
261 1065 287 1112 in
296 1064 340 1111 illo
353 1064 437 1112 061611
445 1078 481 1126 ep.
489 1062 571 1110 Penei.
583 1078 604 1110 v.
617 1065 640 1111 2.
658 1061 700 1110 Ν11
709 1063 767 1110 mihi
777 1063 904 1110 rescribas:
922 1069 1025 1111 attamen
1032 1064 1082 1127 ipse
1088 1065 1154 1113 veni.

63 1162 66 1171 .
90 1129 189 1205 Tertia,
200 1128 261 1177 6616
272 1129 321 1204 illo*
329 1127 430 1190 Virgilii
438 1128 455 1174 l.
465 1133 490 1175 6.
501 1129 558 1202 166.
568 1131 653 1176 6602.
666 1128 723 1190 lpas
733 1133 810 1175 retem
820 1136 893 1202 conto
904 1128 999 1203 subigit:
1024 1128 1117 1205 Estque
1128 1130 1154 1177 in

57 1193 100 1242 bis
109 1194 200 1259 ellipsis
214 1208 378 1257 pronominum
396 1207 448 1254 ego,
460 1197 496 1246 tu,
512 1193 560 1240 sile.
598 1191 656 1255 (Est
665 1199 746 1240 autem
754 1192 815 1239 bene
826 1192 952 1240 scribentis
966 1208 1036 1249 serre,
1047 1194 1090 1241 uba
1103 1194 1155 1257 ipss

59 1258 242 1322 exprimendum
252 1258 291 1313 sit,
308 1257 451 1320 quamquam
464 1256 528 1302 salvs
540 1257 657 1304 sententia
666 1256 750 1305 abesse
761 1264 850 1320 potest,
861 1263 886 1304 et
895 1257 921 1304 in
932 1272 1038 1306 sermone
1050 1257 1155 1321 Anglico

57 1325 188 1380 omittitur,
195 1325 235 1372 vel
243 1323 320 1371 omitti
328 1329 417 1386 potest.
449 1321 568 1384 Exprimit
575 1328 652 1368 sutem
663 1322 714 1369 iere
724 1321 899 1384 oppositionem
906 1322 944 1370 vel
953 1321 1155 1388 distinctionem.)

439 1417 469 1447 ⁶*
485 1421 510 1466 6.
528 1418 583 1480 1666
592 1433 635 1482 pro
644 1419 775 1481 reciproco.
870 1466 877 1487 ι

95 1501 149 1551 Cic.
160 1501 177 1551 l.
188 1505 213 1550 4.
224 1501 294 1551 Fam.
306 1515 343 1562 ep.
353 1504 378 1549 8.
389 1499 512 1556 Quantum
522 1499 547 1546 ei
556 1515 595 1546 res
604 1505 630 1546 et
647 1499 724 1563 ipsius
739 1514 811 1547 causa
820 1499 937 1547 coneedit
952 1514 996 1562 pro
1010 1495 1062 1555 666,
1073 1500 1154 1548 obser-

61 1573 135 1615 vante
145 1565 180 1614 ibi
190 1565 287 1627 666666.
320 1564 415 1613 Ennius
424 1563 489 1626 apud
501 1564 552 1611 Cic.
564 1564 581 1611 l.
594 1566 616 1610 1.
626 1566 654 1612 66
668 1563 720 1626 Off.
730 1580 752 1612 c.
764 1567 803 1612 16.
815 1564 893 1611 Homo
904 1565 945 1625 qui
956 1564 1044 1612 erranti
1055 1565 1155 1612 comiter

62 1637 179 1678 monstrat
188 1630 260 1685 viam,
270 1629 339 1692 quasi
352 1628 432 1675 lumen
444 1628 474 1674 de
485 1643 528 1675 suo
537 1626 626 1674 lumine
634 1627 759 1683 accendat,
770 1629 834 1682 facit,
843 1635 870 1674 ut
876 1627 1031 1676 nihilominus
1039 1629 1087 1692 ipsi
1097 1629 1127 1693 (i.
1134 1644 1157 1678 e.

60 1695 120 1753 sibi)
130 1695 218 1758 luceat,
227 1708 282 1741 cum
292 1692 327 1738 illi
338 1691 480 1740 accenderit.
514 1693 583 1739 Cart·
594 1691 610 1736 l.
620 1695 644 1739 7.
656 1707 678 1738 6.
689 1695 729 1739 24.
745 1691 794 1747 Qui
803 1700 831 1739 ut
842 1707 883 1754 per
897 1693 1052 1755 interpretem
1067 1708 1155 1756 cogno·

61 1766 158 1813 verunt,
165 1757 235 1820 jussu
242 1757 305 1818 regis
314 1756 378 1819 ipsos
387 1757 417 1818 (i.
428 1772 449 1804 e.
460 1754 495 1817 se)
506 1756 536 1802 66
547 1754 692 1817 supplicium
702 1756 773 1803 trahi.
788 1757 871 1805 Senec-
883 1756 900 1803 l.
911 1761 935 1806 6.
945 1759 974 1805 de
985 1756 1071 1816 Renes.
1083 1773 1104 1806 c.
1112 1760 1154 1806 23.

61 1822 261 1885 thnaerentibus
272 1832 378 1883 quaenam
389 1820 466 1869 esset?
482 1820 603 1869 dominam
613 1819 644 1866 ad
654 1821 796 1882 supplicium
807 1821 836 1868 ab
846 1820 905 1884 ipsis
913 1822 944 1881 (i.
953 1838 974 1871 e·
985 1824 1023 1882 66)
1033 1821 1087 1870 6661
1100 1836 1154 1885 pro-

58 1887 139 1935 fessos
148 1901 209 1935 6666.
243 1888 317 1936 Gora·
329 1886 408 1948 Nepos
418 1884 525 1933 Haaaib.
536 1901 558 1932 c.
570 1888 594 1933 2.
611 1883 645 1931 Ut
659 1883 820 1933 Hannibalem
834 1884 860 1933 16
877 1885 1036 1948 suspicionem
1047 1887 1098 1949 regi
1111 1889 1155 1935 ad-

59 1951 189 2006 ducerent,
201 1957 314 2014 tanquam
323 1950 353 1997 ab
369 1949 428 2012 ipsis
436 1949 496 2011 (1.6.
505 1946 731 2012 obse)corruptum.
765 1950 831 1998 Piis.
842 1950 860 1996 l.
869 1953 894 1999 7.
903 1965 940 2013 ep.
951 1955 991 1999 26.
1008 1950 1156 2013 Oquantum

60 2016 207 2068 eruditorum
216 2023 257 2065 aut
267 2013 382 2063 modestia
394 2012 496 2075 ipsorum
513 2013 544 2075 (i.
555 2029 576 2061 e.
586 2011 642 2075 666)
659 2020 701 2060 666
712 2012 779 2076 quies
798 2015 882 2076 operit,
900 2023 926 2062 et
942 2016 1060 2063 subtrahit
1075 2016 1155 2064 1666.

66 2081 147 2131 vater.
164 2081 235 2130 6166.
246 2079 262 2128 l.
277 2083 301 2129 2.
312 2094 334 2127 6.
345 2081 386 2127 46.
401 2077 477 2125 Lares
495 2077 631 2134 familiares,
643 2084 670 2124 ut
683 2092 811 2140 puerorum
821 2079 952 2142 periculum
966 2079 993 2127 in
1003 2080 1077 2144 ipsius
1090 2081 1122 2144 (i.
1132 2096 1154 2130 6.

60 2145 144 2210 asem)
155 2152 228 2208 caput
236 2144 400 2205 transferrent,
411 2141 496 2189 oravit.

344 2236 359 2268 *
368 2243 393 2288 7.
405 2239 458 2300 Ipse
468 2239 604 2303 adjunctum
614 2238 689 2286 habet
699 2254 829 2302 pronomen
840 2242 870 2288 is.

97 2321 151 2370 Cic.
161 2322 192 2370 66
199 2319 277 2370 66616.
286 2335 309 2366 6.
318 2323 359 2368 20.
375 2317 402 2364 16
410 2317 514 2365 infirmus
524 2324 562 2364 est
571 2317 794 2380 mollisquenatura,
803 2327 828 2367 et
837 2319 867 2367 ob
878 2335 930 2367 eam
939 2320 1017 2383 ipsam
1026 2330 1119 2370 causam
1131 2321 1155 2369 in

61 2385 171 2434 amicitis
178 2401 260 2448 parum
268 2383 356 2447 justas.
385 2382 425 2443 16.
439 2383 457 2430 l.
468 2381 558 2432 61166.
570 2398 607 2445 ep·
616 2388 641 2432 4.
653 2391 678 2430 et
688 2382 704 2431 l.
716 2388 740 2432 7.
752 2400 789 2447 66.
802 2387 841 2434 13.
852 2387 881 2434 de
891 2385 970 2434 Amic.
979 2402 1002 2434 6.
1015 2391 1037 2436 1.
1050 2388 1102 2435 etl.
1115 2390 1156 2436 14.

63 2451 136 2500 Fam
146 2466 184 2513 ep·
194 2452 233 2499 16·
342 2511 354 2536 ⁸
366 2517 390 2563 8.
401 2512 457 2574 1666
467 2511 605 2575 adjunctum
618 2512 690 2560 habet
702 2520 832 2576 pronomen
842 2514 891 2563 itle.

96 2595 149 2645 ca.
158 2574 291 2657 pionius.
301 2611 323 2642 c.
331 2598 356 2643 6.
368 2592 415 2641 Hic
425 2592 450 2640 ru
456 2592 510 2656 ipso
516 2590 558 2639 mo
568 2592 628 2648 ...66
635 2592 846 2656 6666666666...
853 2594 955 2641 mittum
962 2594 1062 2643 6666.
1079 2596 1158 2656 Nepos

63 2661 203 2715 Dima.c.9.
214 2659 312 2722 Iliiipsi
323 2658 443 2713 custodes,
457 2658 478 2704 61
492 2657 596 2720 66661616
611 2657 713 2707 luissent
722 2658 854 2712 voluntate,
870 2659 961 2707 scribon
972 2659 1084 2714 effractis.
1100 2674 1156 2707 eum

61 2738 158 2774 servare
167 2725 308 2788 posiiesent.
342 2723 393 2772 css.
403 2738 446 2786 pro
455 2723 536 2772 Marc.
546 2737 568 2771 c.
579 2727 603 2772 2.
614 2723 699 2771 6612.
710 2724 739 2771 66
750 2723 809 2771 Dio.
817 2739 839 2771 c.
850 2726 890 2771 28.

405 2818 417 2842 “
428 2824 453 2869 9.
467 2820 522 2882 1666
532 2818 667 2882 adjunctum
679 2819 754 2866 habet
763 2820 817 2868 iste.

98 2900 151 2949 016.
162 2901 180 2947 1.
191 2904 216 2950 2.
226 2900 296 2950 Fam.
308 2915 344 2964 ep·
357 2903 396 2949 16.
414 2899 621 2947 Perturbationem
637 2898 784 2961 erepublica
793 2899 831 2948 vel
848 2899 903 2947 istis
916 2898 976 2963 ipsis
991 2870 1158 2966 1666666616,

61 2964 626 3094 666661666666668666666666,1666616666.
654 2964 695 3014 16.
703 2979 748 3026 pro
763 2965 830 3013 Mur.
842 2981 864 3013 c.
876 2968 917 3014 sl.
925 2981 969 3032 pro
981 2965 1053 3016 Rosc-
1063 2969 1119 3017 Am.
1136 2983 1159 3015 c.

348 3127 362 3156 ‘⁸'
374 3131 413 3176 10.
424 3128 478 3190 Ipse
487 3125 624 3189 adjunctum
638 3131 676 3174 est
686 3125 820 3190 pronomini
830 3125 876 3175 bic.

100 3207 153 3257 016.
162 3207 213 3259 tn.
223 3209 252 3257 66
266 3207 317 3273 Off.
328 3224 350 3255 c.
361 3213 385 3256 2.
397 3206 450 3256 Hoc
459 3209 512 3271 ipso
520 3214 629 3271 tempore
638 3214 759 3271 praecepta
770 3207 841 3256 officii
849 3208 1021 3272 persequimur.
1052 3208 1161 3259 161616.

61 3271 189 3386 lnbecmtt.
207 3272 261 3350 Hoc
270 3273 348 3336 ipsam
363 3272 398 3320 ita
408 3271 500 3334 justum
517 3280 561 3328 est,
573 3274 593 3320 si
610 3282 647 3321 est
658 3271 824 3321 voluntarium.
859 3274 898 3322 16
908 3274 925 3321 1.
935 3278 959 3323 2.
967 3277 996 3324 de
1007 3275 1064 3326 Fia.
1076 3290 1099 3323 c.
1110 3278 1160 3323 266

503 3403 599 3449 'lbi
663 3402 668 3414 '
710 3436 717 3450 .

99 3479 154 3531 cte.
163 3480 183 3529 1.
195 3483 219 3529 1.
232 3470 335 3531 116666.
349 3484 389 3530 17.
409 3480 462 3545 Ego
472 3480 524 3544 ipse
541 3404 750 3546 eumieiieiiipso
761 3497 811 3530 non
819 3483 909 3530 invitus
920 3481 1052 3531 erraverim.

399 3580 453 3643 (12.
466 3578 834 3642 lpseprossosponte.perse.)
1255 3648 1259 3655 ι

97 3656 213 3721 Inprimis
230 3658 354 3722 eleganter
362 3659 410 3722 ipse
421 3658 559 3722 diciturpro
574 3673 617 3707 sac
633 3664 723 3721 666666,
736 3673 779 3722 per
792 3673 825 3706 se.
852 3659 902 3706 Cic.
913 3660 942 3707 de
950 3658 1008 3707 Dio.
1021 3659 1036 3705 l.
1049 3662 1160 3707 1634.
1182 3678 1190 3694 .

63 3723 151 3773 valve
170 3721 267 3785 661666
284 3731 435 3788 aperuerunt.
468 3724 506 3770 16.
522 3738 564 3786 pro
577 3724 634 3771 Coel.
650 3739 672 3770 c.
684 3727 724 3770 19.
738 3722 822 3769 Valeat
837 3729 917 3769 tamen
928 3722 1006 3787 ipsum
1024 3736 1099 3785 perse
1111 3722 1159 3770 suis

27 3786 31 3791 '
59 3787 165 3901 61611666.
178 3789 227 3901 ὧι
242 3787 292 3853 Offi
303 3792 319 3839 Ι.
329 3794 352 3837 1.
362 3804 384 3837 6.
394 3793 435 3838 21..
451 3787 557 3853 Delapsa
574 3802 637 3835 6666
655 3787 710 3851 ipsa
730 3787 867 3836 ceciderunt
884 3792 930 3836 eto.
947 3787 1061 3835 Similiter
1080 3786 1160 3836 Graeci

81 3867 142 3902 rcun
162 3870 178 3902 6
222 3870 242 3901 ς.

482 3979 604 4046 ,eaeor
624 3976 744 4028 cxxm„

462 4097 510 4156 Dc
526 4094 706 4154 Prooemium
725 4062 766 4153 Is.

166 4258 172 4267 ,
266 4265 269 4270 ‚
292 4259 295 4263 ,
333 4208 348 4239 ⁴*
360 4212 384 4256 1.
396 4209 423 4257 16
435 4215 489 4270 post
500 4207 661 4272 parenthesin,
672 4214 700 4257 ut
709 4205 798 4270 igiter,
807 4204 898 4271 itaque·

94 4286 294 4412 6161666649.
307 4296 366 4335 extr.
387 4287 489 4339 Octavio
502 4290 613 4341 Mamilio
629 4282 769 4343 Tusculano
784 4291 820 4358 (is
833 4290 910 4357 longe
924 4285 1201 4411 princeps-inriguum-
