2670 4636
439 322 442 329 .
488 216 490 221 ’
525 224 750 288 PRAEFATIO.
1168 230 1188 290 5

89 379 234 440 mannum
247 376 448 457 disputantur,
471 373 642 455 propediem
663 372 731 434 alibi
754 393 888 455 agemus.
929 376 997 438 lam
1010 375 1189 439 atumem·

88 476 184 536 latum
199 483 364 546 convertar,
378 472 464 552 cujus
477 492 575 533 mores
589 472 678 552 longe
698 471 772 531 alios
785 471 856 544 vidi,
878 491 967 552 quam
980 472 1032 554 qui
1052 473 1188 536 humani·

89 575 162 634 ta'tis
175 583 206 633 et
221 571 376 652 sapientiae·
388 570 487 631 studio
502 569 584 648 digni
599 569 765 630 videantur.
802 569 880 629 Nam
893 569 1089 632 intereadum
1104 571 1190 634 amici

89 672 213 750 munere
235 669 319 749 fungi
334 669 397 728 vult
411 667 511 739 videri,
525 667 606 726 haud
627 666 797 726 dubitanter
817 667 1001 742 allaboravit,
1026 677 1061 729 ut
1083 668 1189 730 eodem

89 786 168 848 pene
182 776 315 847 tempore
328 768 358 825 in
370 765 486 826 duobus
498 765 665 824 Germanica
679 764 752 825 locis
767 775 989 825 monumentum
1003 765 1055 827 irae
1069 777 1099 827 et
1110 777 1190 829 oete-

90 885 189 924 rarum
214 864 303 925 animi
329 863 392 942 ejus
416 863 645 922 commotionum
664 860 882 940 divulgaretur:
910 883 978 942 quae
1000 864 1076 944 ipsae
1088 875 1189 925 tamen

90 962 143 1021 irae
156 961 223 1020 libri
245 960 303 1020 mei
319 960 566 1020 existimationem
586 978 645 1018 non
662 957 859 1031 offenderunt,
875 980 930 1020 nec
944 981 1034 1040 quum
1049 960 1191 1023 vindicia-

90 1078 155 1117 rum
176 1058 238 1137 jam
253 1057 446 1135 legendarum
461 1056 500 1114 sit
514 1063 657 1135 potestas,
671 1075 800 1134 unquam
816 1054 979 1118 offendent.
1022 1057 1091 1118 Non
1105 1059 1188 1139 equi·

91 1157 160 1215 dem
176 1155 319 1226 dubitavi,
331 1154 402 1232 quin
423 1156 559 1224 lectores,
575 1152 657 1213 scida
674 1153 752 1212 illins
767 1154 908 1231 perlecta,
929 1156 1188 1235 reprehensionum

91 1253 155 1332 ejus
165 1251 337 1311 inanitatem
349 1271 402 1330 per
416 1271 447 1310 se
464 1251 679 1329 intelligerent:
703 1250 756 1310 sed
771 1251 962 1313 humanitatis
976 1262 1074 1314 tamen
1089 1250 1191 1334 putavi

90 1370 169 1423 esse,
196 1369 248 1428 per
271 1348 349 1408 hanc
364 1347 549 1408 occasionem
564 1347 609 1406 vel
633 1347 864 1427 imperitissimos
885 1349 922 1409 de
944 1351 1064 1412 veritate
1087 1352 1191 1414 admo·

90 1448 164 1508 neri.
209 1447 309 1515 Quare
333 1444 435 1504 multis
457 1444 485 1503 in
502 1446 574 1505 locis
596 1445 1110 1523 responsionesanimadvertentur,
1124 1450 1190 1530 qui·

90 1546 147 1603 bus
165 1544 203 1603 in
224 1543 299 1602 libro
322 1552 381 1605 tam
406 1543 524 1603 modico
546 1541 739 1621 supersedere
754 1543 924 1602 malueram.
942 1583 945 1590 -
967 1543 1051 1604 lllud·
1069 1546 1189 1625 quidem

91 1651 227 1720 optatum
250 1660 440 1719 magnopere,
464 1660 502 1698 ne
523 1639 594 1699 mihi
616 1640 802 1698 Facciolatns
830 1642 1039 1702 necessitatem
1058 1644 1190 1723 imposu-

90 1740 165 1798 isset
185 1737 336 1812 monendi,
356 1751 390 1797 ut
411 1737 583 1816 impotentis
608 1737 697 1796 animi
722 1738 809 1815 signa
827 1738 953 1817 posthac
976 1750 1102 1802 caveret.
1144 1741 1191 1803 llli

91 1837 171 1896 eninr
185 1834 317 1894 deforme
330 1844 413 1914 puto,
428 1835 520 1913 quod,
532 1834 710 1894 reclamante
725 1837 858 1906 veritate,
873 1835 999 1896 literatis
1011 1836 1190 1915 persuadere

89 1942 288 2006 conaturam,
303 1952 321 1992 a
334 1952 380 1991 me
394 1932 543 1993 hominem
558 1931 708 2010 quendam
728 1931 904 1991 familiarem
920 1933 1190 1995 Pataviumamrm·

91 2031 195 2090 datum
210 2049 286 2101 esse,
300 2030 383 2109 quia
397 2028 566 2098 Facciolato
583 2039 717 2088 naturam
737 2028 946 2109 particularum
969 2031 1142 2110 percipeuet,
1156 2040 1190 2093 ot

89 2126 229 2187 haberem
244 2147 312 2205 quae
326 2126 364 2185 ad
385 2127 489 2185 librum
502 2125 674 2205 poliendum
688 2125 878 2204 pertinerent.
920 2127 980 2189 Sed
995 2129 1137 2208 egorquid
1151 2129 1190 2191 de

89 2224 292 2303 illiusperitia
305 2224 409 2283 harum
423 2242 519 2282 rerum
531 2223 678 2292 sentirem,
693 2223 866 2300 praefatione
876 2223 940 2302 jam
954 2225 1112 2304 superioris
1127 2226 1190 2287 edi·

91 2321 180 2381 tionis
196 2320 356 2394 declaravi,
369 2333 400 2380 et
413 2339 493 2380 nnnc
506 2319 601 2398 magis
624 2318 752 2379 declaro.
779 2321 864 2398 lpse
886 2321 983 2398 igitur,
1005 2342 1095 2401 quam
1109 2323 1190 2398 velit,

94 2418 131 2477 de
146 2438 178 2478 se
192 2419 350 2495 magnifice
365 2417 494 2477 sentiatc
514 2417 571 2475 Per
585 2436 631 2476 me
650 2417 707 2476 hoc
722 2417 747 2475 ei
761 2436 876 2495 semper
890 2418 1001 2478 licebit.
1026 2419 1101 2478 Mihi
1116 2420 1189 2483 satir

92 2516 246 2595 est,-quod
267 2516 318 2574 illa
340 2515 406 2594 ipsa
419 2513 579 2574 Facciolati
595 2513 679 2572 scida
694 2514 783 2573 nullis
807 2534 882 2593 pene
907 2515 1048 2594 exemplis
1072 2516 1126 2576 fuit
1143 2518 1191 2577 in·

93 2623 219 2684 structa,
233 2613 341 2690 quibus
357 2612 539 2690 suspiciones
554 2629 624 2669 snas
645 2610 857 2684 constabiliret,
878 2611 935 2670 nisi
956 2631 1031 2691 quas
1047 2603 1125 2673 a'me
1139 2633 1189 2675 ac·

92 2709 232 2788 cepisset.
251 2709 397 2788 r.,Talibus
413 2719 511 2768 autern
526 2707 779 2767 observationibus
794 2727 853 2767 non
870 2728 955 2787 egeo.
986 2710 1054 2788 Ipse
1068 2711 1188 2789 quidem

94 2806 281 2867 Facciolatus
297 2806 582 2866 animadversionum
604 2825 723 2865 suarum
745 2805 910 2885 prudentiae
930 2805 972 2864 ita
995 2816 1042 2865 est
1062 2807 1190 2880 diffisus,

92 2914 126 2963 ut
140 2904 302 2983 aliquando
316 2904 389 2963 deos
403 2903 484 2983 ipsos
500 2902 599 2962 testari
614 2902 745 2962 auderet.
788 2901 846 2969 Qui
866 2921 962 2961 mores
984 2902 1055 2961 mihi
1069 2902 1189 2982 quidem

94 3003 132 3062 ab
147 3003 273 3061 hominis
289 3000 450 3060 Christiani
462 3019 590 3080 persona
611 2999 698 3058 alieni
713 2998 896 3059 videbantur.
928 2999 987 3058 Eos
1001 2999 1090 3077 igitur
1105 3009 1189 3060 tanto

92 3101 232 3178 temporis
247 3092 401 3158 intervallo
427 3108 572 3158 mutatum
595 3097 629 3157 iri
654 3115 857 3175 speraveram:
880 3096 933 3155 sed
957 3095 1026 3174 quia
1046 3095 1118 3155 nihil
1139 3096 1191 3156 ad·

91 3197 152 3255 huc
167 3196 361 3257 animadverti
376 3195 501 3255 melioris
518 3195 633 3266 mentis,
644 3193 788 3273 judicium
801 3193 839 3253 de
853 3194 982 3254 moribus
995 3193 1076 3253 hisce
1090 3214 1189 3255 meum

91 3313 238 3371 exponere
250 3311 374 3353 necesse
390 3292 489 3350 habui.
526 3293 624 3360 Quare
640 3291 786 3350 scribendi
791 3291 853 3370 jam
865 3293 953 3351 finem
967 3292 1085 3366 faciam,
1097 3311 1189 3371 quum

88 3390 166 3449 illud
190 3409 280 3449 unum
305 3390 479 3469 adjunxero,
501 3388 702 3448 Facciolatum
718 3388 955 3448 observationum
969 3407 1099 3448 mearum
1114 3389 1189 3449 veri·

91 3497 184 3547 tatem
208 3507 287 3566 soepe
309 3487 351 3546 ita
364 3487 553 3557 labefactare,
571 3495 612 3551 ¹ut
634 3485 844 3544 cohaerentiam
860 3505 959 3545 earum
978 3486 1188 3564 particularum

91 3604 160 3645 esse
174 3594 275 3662 neget,
290 3604 342 3665 pro
356 3603 481 3663 quarum
500 3583 593 3642 altera
615 3582 682 3641 aliae
703 3582 773 3640 item
794 3581 946 3663 particulae
967 3583 1105 3643 substitui
1118 3601 1188 3663 pos·

43 3688 46 3693 '
93 3683 164 3744 sint.
207 3683 296 3750 Quod
311 3692 518 3762 argumentum
533 3680 669 3740 subtilius
694 3691 741 3738 est
762 3699 849 3758 quam
863 3680 944 3758 quod
959 3699 976 3738 a
989 3681 1075 3739 nobis
1088 3679 1189 3758 capia·

91 3790 162 3840 tur.'
193 3780 272 3839 Nam
293 3781 317 3840 si
332 3801 359 3840 e.
376 3801 406 3858 g.
421 3799 475 3858 pro
490 3778 583 3838 altera
598 3789 680 3857 parte
696 3775 829 3838 formula
843 3776 927 3836 istius
948 3777 1107 3836 tritissima
1127 3797 1187 3837 aon

66 3944 70 3952 ,
93 3878 178 3938 modo
192 3877 244 3937 red
255 3879 343 3937 etiam
366 3877 545 3936 substituere
568 3877 638 3935 licet
660 3894 912 3955 uerum-quoque:
934 3892 992 3933 non
1018 3874 1124 3948 iccirco
1145 3884 1188 3934 ta·

94 3994 162 4034 men
186 3974 484 4035 cohaerentiaharum
499 3973 707 4053 particularum
729 3973 794 4052 ipsa
809 3971 948 4049 neganda
968 3970 1093 4030 videtur.
1115 3969 1193 4031 Om-

95 4072 144 4132 nia
166 4072 387 4151 veroexempla
407 4071 595 4131 cohaerentiae
615 4070 758 4130 cumulari
783 4069 811 4127 in
835 4069 909 4127 libro
932 4081 991 4127 tam
1012 4086 1104 4148 parvo
1129 4086 1189 4127 non

93 4179 231 4249 possunt.
273 4169 359 4249 Fingi
373 4178 486 4248 queunt
500 4168 687 4229 cohaerentia
702 4163 948 4247 quamplurimae.
984 4164 1049 4224 Eas
1064 4164 1112 4224 hic
1127 4182 1186 4223 non

92 4269 333 4330 curamust'sed
359 4286 433 4347 quas
456 4268 485 4327 in
508 4277 638 4327 veterum
660 4264 776 4343 scriptis
799 4261 1029 4334 observavimus,
1052 4280 1104 4321 eas
1125 4259 1188 4321 col-
