2670 4636
104 249 167 309 ‘issi
428 244 600 305 Hounrrr
627 242 870 306 TURSELLlNl
1127 249 1212 325 [rsit

106 409 177 456 qaum
196 393 289 450 Graece,
304 389 409 442 sedtum
424 391 520 448 Latine,
538 398 589 442 tan
600 392 702 450 Gruter
717 391 911 448 nrantiae,nel
927 391 1022 442 Groece.
1056 391 1113 442 Neo
1131 391 1214 440 dices:

110 458 239 511 Tauriana
253 463 356 513 annno,
366 473 436 522 quarn
444 457 616 518 bonusortrraoe
627 461 722 520 arcemn
734 459 859 516 rqserenda
867 458 997 516 aaaron.
1010 456 1166 507 solimet
1175 469 1216 506 rre-

107 529 169 588 tarn
178 522 313 584 etsortnnoe
324 532 370 570 cer.
381 523 440 572 bona
450 525 488 572 oei
498 529 600 579 notura,
611 525 649 573 nel
659 523 778 583 fortunae.
812 522 891 571 Item:
913 521 999 573 Virtute
1015 521 1151 587 suspicitur
1168 528 1222 573 tm

108 607 124 653 q
137 588 205 640 ionis
215 595 266 639 tram
275 604 290 637 n
300 589 378 651 melio,
394 601 452 645 non,
467 594 517 636 tem
528 603 543 636 n
555 586 621 636 ionis
636 603 706 650 quom
721 603 737 636 a
748 587 833 644 melin
850 595 876 636 et
885 587 934 636 alia
944 589 1031 637 eodem
1042 589 1125 638 modo.

423 705 448 750 n.
466 702 628 766 Tam-qaum
637 717 693 751 cum
703 701 802 750 dirersis
810 701 901 768 verbis.

142 784 212 832 Aliae
223 783 247 831 iu
258 783 435 847 comparatione
449 799 503 833 curu
517 783 616 833 diversis
626 784 707 834 verbis
721 784 856 848 copulatas.
874 784 928 835 cre.
937 786 969 834 nri
978 783 1036 836 Ati.
1046 785 1065 832 l.
1077 764 1121 835 18.
1129 799 1168 847 cp.
1177 785 1218 832 to.

110 840 207 900 Vellem
221 856 269 897 tam
281 848 411 897 domestica
424 847 485 897 ierne
496 864 601 912 possem,
619 865 689 914 quarn
700 849 746 897 ista
756 856 918 898 contemnere.
941 849 982 899 Id·
992 851 1025 901 od
1044 849 1095 906 Qtr.
1115 849 1158 897 Fr.
1167 849 1184 895 1.
1193 858 1219 897 et

109 929 146 981 ep.
153 919 176 963 1.
187 915 247 972 Quae
257 912 356 978 quidem
365 928 414 962 aon
423 921 474 962 tam
484 913 619 978 expetenda
627 915 683 973 ruit,
693 928 765 979 quam
773 914 862 964 tuenda
867 913 937 963 nobis
947 922 993 964 est.
1010 915 1075 964 ‘'ld-
1084 914 1104 962 1.
1114 919 1141 964 2.
1152 914 1218 965 Fara.

112 984 198 1042 epid.

538 1080 563 1126 7·
580 1077 742 1142 'lim-qm
758 1077 789 1126 tl·

121 1162 126 1171 ’
144 1157 323 1222 Nonnunquam
334 1156 431 1206 assumit
448 1167 518 1221 qaum
533 1158 565 1206 ai.
585 1157 637 1206 Cic.
653 1159 685 1206 od
700 1157 757 1206 Art.
771 1157 789 1205 l.
807 1162 832 1207 8.
848 1172 884 1221 ep.
900 1157 946 1206 ult.
963 1155 1092 1222 Quicquid
1107 1156 1168 1207 mali
1181 1156 1218 1206 hie

112 1223 251 1272 Pisistratus
268 1238 316 1270 non
333 1222 426 1279 iecerit,
442 1231 492 1270 tam
511 1229 603 1286 gratum
619 1229 664 1278 est,
680 1238 752 1286 quam
769 1221 876 1270 melium
891 1223 970 1272 iacere
985 1223 1150 1286 prohibuerit.
1180 1223 1218 1272 ld.

113 1289 131 1335 l.
143 1292 182 1337 16.
194 1304 230 1352 ep·
241 1292 264 1338 1.
281 1289 442 1351 Xenophanes
451 1289 539 1350 hospes
553 1295 603 1336 tam
612 1293 639 1335 te
649 1287 738 1352 diligit,
745 1300 816 1351 quam
826 1288 849 1336 ai
861 1287 947 1336 vixerit
959 1295 1048 1337 terum.
1082 1288 1170 1337 'Add
1182 1289 1218 1338 ld.

113 1353 133 1404 1.
144 1355 209 1405 hdr
220 1353 273 1418 Off.
284 1369 306 1402 c.
317 1357 342 1402 t.
353 1362 379 1402 et
389 1354 464 1404 Brut.
475 1368 498 1402 o.
510 1357 552 1403 tt.

536 1449 548 1461 “
573 1453 597 1498 8.
612 1448 762 1499 Admonitio.

148 1532 215 1588 Tam,
225 1546 295 1596 quam
305 1533 356 1582 iere
367 1532 502 1581 nominibus
518 1540 543 1581 et
552 1532 688 1596 participiis
703 1531 888 1595 adhibentur;¹’
902 1531 1025 1582 interdum
1040 1532 1118 1581 etiam
1134 1529 1219 1594 serbis,

113 1599 224 1647 nimirum
235 1615 289 1648 cunr
300 1599 444 1662 comparatio
455 1599 573 1662 quendam,
583 1604 626 1645 aut
636 1596 767 1646 similitudo
778 1597 934 1661 significatur.
951 1597 983 1645 Et
993 1611 1051 1645 sane
1060 1603 1112 1646 inm
1122 1606 1220 1660 etqrroar

113 1664 226 1712 adverbis
237 1672 294 1712 sunt
307 1663 479 1714 similitudinis.
498 1663 712 1727 Significantenim
720 1678 787 1726 reque
796 1678 832 1712 ne.
848 1663 920 1718 Quod
930 1663 950 1711 si
957 1663 1026 1710 nulla
1034 1669 1152 1726 appareat
1158 1676 1219 1709 com·

114 1729 207 1791 paratio
223 1737 265 1777 aut
277 1729 418 1786 similitudo,
436 1733 677 1792 tanturn-quantana
693 1743 747 1776 oum
759 1729 839 1778 verbis
851 1729 963 1792 usurpari
973 1728 1046 1780 solet.
1078 1727 1145 1791 iege
1159 1727 1218 1777 Tna-

116 1799 322 1857 utu-quantam.

528 1888 540 1913 ⁸
551 1893 577 1940 9.
596 1890 759 1954 Turn-qanta
768 1895 804 1941 nt.

151 1971 203 2020 cie.
213 1985 257 2034 pro
268 1973 337 2022 Man.
348 1987 370 2020 c.
381 1975 422 2022 21.
440 1970 508 2030 Quid
517 1979 565 2020 tans
580 1971 710 2036 singulare,
721 1988 791 2037 quam
802 1979 829 2019 ut
840 1987 868 2019 ex
881 1971 984 2020 Senatus
1005 1971 1119 2020 consulto
1129 1968 1220 2034 legibus

116 2036 217 2093 solutus,
228 2038 310 2084 consul
321 2045 377 2085 ante
388 2037 465 2094 fieret,
476 2053 545 2100 quam
561 2038 637 2085 ullum
647 2037 721 2086 alium
733 2037 895 2100 magistratum
909 2053 950 2101 per
965 2038 1034 2099 leges
1044 2051 1130 2100 capere
1138 2035 1221 2084 licuis-

117 2101 171 2154 set?
204 2103 244 2151 Id.
255 2102 331 2153 Brut·
340 2119 363 2150 c.
372 2106 413 2152 rt.
429 2101 527 2150 Gellius
537 2118 586 2150 non
598 2111 648 2151 tam
658 2103 788 2152 vendibilia
797 2112 886 2159 orator,
897 2116 971 2167 quam
978 2111 1007 2152 nt
1022 2116 1055 2151 ne
1065 2101 1146 2159 seim,
1163 2099 1222 2165 qnid

117 2165 141 2213 ei
152 2164 257 2218 deesset.
274 2166 352 2236 Adri.
362 2168 403 2216 ld.
413 2169 445 2216 nd
457 2168 530 2223 Quin.
541 2183 564 2216 c.
574 2171 600 2218 9.
1120 2208 1123 2214 .

374 2283 413 2328 1⁰.
432 2280 489 2329 Non
500 2284 549 2329 tam
560 2284 690 2343 art-quam
706 2285 741 2337 rrt,
756 2281 795 2330 vel
806 2297 877 2346 qnam
885 2287 913 2332 at
923 2297 962 2332 nr.

151 2359 208 2408 Non
219 2365 269 2409 tom
278 2365 305 2408 nt
314 2359 440 2423 copulatur
450 2375 502 2409 cunr
510 2375 579 2424 quam
587 2367 648 2411 aret
657 2376 727 2425 quern
735 2367 763 2411 tri
772 2376 811 2412 ae.
831 2363 884 2412 cte.
892 2362 949 2413 Art.
960 2361 1009 2410 is.
1018 2377 1057 2426 ep.
1069 2367 1095 2412 2.
1111 2361 1222 2410 Enudum

117 2423 189 2486 igitur
207 2433 260 2472 est:
279 2440 323 2473 nec
340 2433 397 2479 tntu,
414 2432 441 2472 ut
451 2425 517 2482 belli,
533 2440 604 2488 quarn
623 2433 650 2473 ut
662 2428 725 2490 luges
738 2428 798 2475 socii
817 2428 898 2476 simus.
932 2428 996 2476 lbid.
1006 2442 1044 2490 ep.
1055 2433 1081 2476 6.
1100 2427 1159 2474 Non
1174 2435 1224 2475 tam

118 2498 145 2537 ut
155 2489 198 2537 ille
208 2490 330 2555 adjuvem,
340 2505 410 2553 quarn
421 2500 449 2537 ut
456 2491 510 2538 haec
520 2506 551 2539 ue
562 2489 667 2546 rideam.
677 2490 749 2555 cupio
764 2492 898 2540 discedere.
914 2493 954 2541 Id.
962 2493 980 2540 l.
991 2496 1015 2541 2.
1024 2495 1055 2542 ds
1068 2493 1144 2543 Orat.
1153 2507 1176 2541 c.
1183 2495 1224 2542 12.

117 2553 174 2602 Nou
186 2566 242 2612 tarrr,
255 2562 281 2602 ut
290 2556 379 2620 prosim
386 2556 473 2613 causis,
484 2556 606 2604 elaborare
617 2557 693 2613 soleo,
703 2571 774 2620 qnam
785 2566 812 2605 nt
822 2572 853 2605 ue
864 2556 923 2621 quid
934 2556 1018 2605 obsim.

404 2673 444 2720 ll.
462 2671 520 2720 Non
530 2676 580 2719 tom
589 2685 761 2735 raum—qum
772 2675 808 2728 art,
822 2671 862 2719 vel
871 2672 935 2734 quio.
966 2686 968 2692 ·

152 2750 209 2800 Noa
219 2755 270 2800 tara
278 2765 351 2811 emsa
360 2749 460 2799 assumit
470 2765 540 2814 qnam
549 2756 586 2807 nt,
597 2749 634 2798 rei
646 2766 715 2814 quem
724 2751 790 2814 qaia.
824 2752 877 2801 Cio.
888 2752 965 2802 Brut·
973 2766 1010 2814 ep.
1020 2755 1062 2800 15.
1077 2749 1167 2815 Neque
1176 2759 1225 2799 tarr

117 2815 249 2863 ulciscendi
260 2831 340 2872 causa,
352 2832 424 2879 quam
435 2816 497 2863 utin
507 2831 612 2880 praesens
623 2817 754 2866 sceleratos
765 2816 830 2864 cives
840 2816 922 2865 timore
932 2817 962 2863 ab
973 2816 1141 2880 impugnanda
1149 2816 1226 2880 patria

117 2880 435 2996 deertgsrqgrteurq.ublirttmsspilq.
448 2897 470 2930 c.
482 2885 506 2930 1.
523 2881 580 2930 Nou
597 2889 647 2930 tam
665 2881 756 2930 vitandi
771 2881 860 2931 laboris
874 2881 926 2932 mei
936 2896 1017 2939 causa,
1029 2896 1104 2945 quam
1114 2881 1179 2946 quod
1188 2882 1225 2930 in·

446 3043 461 3075 *
473 3049 512 3104 12.
528 3046 585 3106 Non
597 3047 647 3094 tum
656 3021 904 3108 caan-qaan-na‘

124 3102 126 3107 ⁴
153 3123 230 3173 clai
244 3120 314 3175 Verr.
326 3140 348 3173 c.
360 3128 401 3174 ³4.
417 3122 463 3187 Ea,
473 3142 525 3174 curn
540 3126 566 3173 in
583 3125 644 3173 Asia
660 3132 733 3182 esset,
747 3126 910 3189 eomparnbat,
924 3139 973 3173 non
989 3130 1040 3174 tam
1054 3139 1106 3174 ene
1121 3123 1226 3173 deletu·

116 3184 189 3242 tionis
199 3203 279 3246 cause,
290 3204 362 3252 quam
375 3189 407 3238 ad
416 3190 571 3238 invitationes
581 3191 744 3254 adventusque
755 3197 889 3240 nostrorum
898 3190 1031 3239 hominum.

428 3303 444 3333 *
454 3307 494 3353 13.
510 3306 570 3360 Non
581 3310 631 3354 tana
644 3305 831 3370 mano-qnam
841 3306 912 3380 qnod..

152 3383 209 3433 Lre.
220 3384 237 3431 1.
248 3387 272 3434 2.
283 3398 305 3431 c.
315 3387 357 3434 ll·
374 3382 492 3432 Consules
507 3384 538 3432 ad
549 3385 639 3433 Veiens
651 3386 744 3433 bellurn
762 3386 871 3462 proiecti,
889 3401 935 3448 quo
955 3383 1062 3447 undique
1082 3398 1116 3432 ex
1133 3383 1225 3431 Etruria

120 3449 211 3497 auxilia
232 3457 403 3513 convenerant,
421 3465 468 3498 non
488 3456 537 3498 taur
555 3447 696 3499 Veientium
712 3457 787 3514 gratia
803 3450 931 3506 concitate,
949 3464 1018 3512 quarn
1037 3449 1104 3513 quod
1119 3450 1146 3496 in
1160 3463 1225 3514 spem

121 3521 216 3563 numm
226 3523 288 3572 erat,
300 3513 419 3563 discordia
427 3514 541 3563 intestina
550 3514 650 3563 dissolvi
659 3530 710 3564 reru
724 3515 858 3563 Romanam
869 3529 949 3579 posse.

309 3628 324 3658 *
336 3633 376 3680 1r.
393 3631 451 3680 Non
465 3636 516 3680 tam
526 3606 667 3693 oli-quom.
684 3632 741 3684 Non
758 3637 807 3681 tnm
822 3629 955 3692 ol—quem
964 3627 1036 3693 quod.
1130 3620 1132 3624 ⁴

123 3680 128 3754 i
151 3711 208 3762 Lis.
218 3708 236 3759 Ι.
248 3714 288 3760 18.
298 3726 320 3758 c.
330 3715 372 3762 89.
388 3711 517 3760 Iliensibus
525 3711 658 3760 Phoebeum
669 3719 694 3760 et
705 3712 846 3775 Gergithum
858 3709 1012 3766 addiderunt,
1019 3723 1070 3756 non
1081 3713 1134 3757 tarn
1148 3706 1180 3756 ob
1188 3722 1224 3757 re·

120 3777 201 3825 nanda
218 3776 269 3824 ulia
285 3777 375 3834 merita,
391 3791 463 3840 quem
480 3777 597 3838 originum
616 3779 737 3826 memoria.
771 3778 810 3826 ld.
820 3778 838 3823 1.
850 3779 891 3825 21.
902 3791 924 3823 c.
934 3779 976 3824 25.
1002 3773 1062 3822 Boii
1075 3773 1224 3830 defecerunt,

121 3856 170 3888 non
182 3846 232 3888 tam
249 3840 280 3888 ob
297 3850 390 3889 veteres
406 3842 431 3889 iu
448 3843 562 3903 populum
580 3841 717 3890 Romanum
727 3842 783 3897 iras,
799 3856 869 3904 quarn
881 3840 945 3903 quod
960 3854 1037 3902 nuper
1053 3837 1119 3887 cirea
1134 3837 1224 3888 Peme

119 3906 310 3973 Cremonamque
320 3906 425 3955 colonias
435 3906 462 3953 in
474 3922 554 3969 agrurn
566 3905 689 3956 Gallicum
699 3906 816 3955 deductas
828 3921 889 3968 aegre
901 3905 1063 3969 patiebantur.

154 4110 175 4144 ¹2
189 4110 222 4159 Et
231 4109 326 4176 quidem
334 4112 360 4159 in
370 4112 476 4176 positivo
486 4112 561 4176 gradu
569 4113 662 4176 positis.
673 4113 907 4179 nam'oompar'ativis
917 4127 945 4161 ac
956 4110 1110 4175 superlativis
1121 4121 1147 4161 et
1157 4109 1224 4160 raris·

119 4179 182 4231 sitne
192 4184 219 4226 et
227 4177 614 4242 minuscemmodeappenunnm
634 4181 812 4230 Plout.Bncelt.
821 4185 847 4228 ὅ.
860 4183 883 4229 1.
894 4184 919 4229 5.
932 4177 1017 4243 Magia
1022 4190 1096 4241 qnam
1105 4178 1225 4241 rumpite

112 4257 163 4300 tam
174 4244 255 4313 magis
265 4259 334 4294 uxor.
350 4259 396 4309 pro
406 4252 510 4311 quanto,
524 4252 605 4296 tento.
620 4242 866 4312 Uiaiutrmlstq
937 4285 940 4288 ,
1191 4290 1200 4312 ,Χ

143 4315 166 4348 ¹³
180 4311 473 4367 Sionseilibrilrabent.
523 4350 527 4355 -
612 4346 615 4351 -
803 4329 804 4333 ¹
