2670 4636
60 271 147 349 aton]
343 284 344 289 ’
395 274 450 335 Du
479 272 723 338 Pntt'ttcutls
735 286 793 341 616.
1095 278 1154 343 tte

321 417 384 485 166.
403 423 459 477 Non
467 426 607 475 mdo-aed
616 426 654 475 661
663 424 824 487 6631666666
835 431 880 475 661.

52 520 54 525 ·
95 499 200 561 Quintil.
210 498 228 547 l'.
238 504 262 550 1.
272 514 294 548 6.
305 505 330 551 8.
349 501 448 553 Teucras
467 510 559 553 montes
574 518 626 552 non
642 503 714 553 modo
730 518 784 568 qua
800 502 897 560 6166616,
908 506 999 554 sedvel
1010 507 1149 573 magisque

58 565 161 616 honesta
168 572 232 621 sunt,
243 563 344 614 discant.

278 662 293 694 ⁴
304 667 345 712 60.
362 665 420 713 Non
430 667 570 716 modo-sed
581 667 681 724 omnino,
691 668 731 715 vel
741 682 822 716 acram
830 667 933 724 amatae.

97 743 149 791 Cic.
159 740 176 789 l.
185 746 211 791 0.
222 744 291 793 Fam.
301 740 337 807 epi
348 748 388 793 16.
404 745 451 793 an
462 760 506 807 ego
519 759 569 793 non
584 745 655 793 modo
670 761 740 809 reges
759 747 901 809 appellatos,
918 747 961 794 sed
975 747 1072 796 omnino
1083 755 1150 797 natos
1174 747 1177 751 ⁴

58 807 204 856 1666161666).
238 815 251 857 6
262 809 355 859 Parnd.
365 825 387 857 c.
395 813 418 858 1.
434 809 459 857 Is
468 824 517 858 non
523 809 595 858 modo
604 811 740 872 imperator,
751 811 793 858 sed
800 810 860 858 liber
870 811 992 861 habendus
1001 811 1150 861 omninonon

58 871 117 920 erit.
150 871 188 921 16.
196 887 240 935 pro
252 873 338 928 Quint.
351 889 374 922 e.
384 877 426 923 04.
446 875 506 921 Mihi
518 874 656 937 perdifficile
673 882 709 923 est
727 883 809 923 contra
823 876 883 923 talea
893 885 995 925 oratores
1009 892 1059 923 non
1078 877 1151 929 moda

58 942 152 983 tautam
169 950 264 984 causam
280 953 398 1000 perorare,
417 939 460 986 sed
476 940 571 987 omnino
581 940 680 987 verbum
699 940 983 991 166666666661.1.6.66
994 942 1065 990 Oret.
1075 957 1097 989 6.
1109 947 1151 991 41.

63 1001 137 1050 Orat.
143 1016 166 1049 6.
176 1005 217 1050 68.
229 1001 307 1049 Iidem
317 1014 371 1051 sunt
383 1002 475 1050 numsii
490 1018 538 1050 non
556 1004 628 1051 modo
645 1011 764 1052 oratorum
782 1012 807 1053 et
818 1013 949 1067 poetarum,
957 1019 1041 1052 verum
1055 1007 1150 1054 omnino

60 1064 218 1126 loquentium.
252 1066 318 1116 164
333 1067 400 1116 Vera.
411 1083 433 1114 6.
443 1071 483 1116 66.
500 1068 553 1130 Ego
563 1069 607 1116 hoc
617 1082 666 1114 non
681 1082 773 1124 vereor,
791 1084 822 1116 ne
839 1069 897 1132 quid
913 1071 997 1118 horum
1013 1085 1062 1117 nou
1080 1071 1150 1118 modo

58 1127 175 1194 impulsu,
189 1145 273 1179 vocum
282 1132 380 1179 omnino
391 1130 495 1178 adventu
504 1147 559 1179 meo
568 1132 658 1180 iactum
668 1147 720 1179 6666
731 1133 847 1180 videatur.
870 1150 871 1155 ¹

277 1232 318 1276 60.
336 1229 392 1277 Nea
402 1229 581 1284 modo-etiem,
593 1242 636 1290 pro
647 1229 779 1286 sedetiam,
790 1244 821 1276 ns
830 1226 932 1291 imitere.

97 1306 174 1359 Tacit.
185 1307 201 1357 1.
212 1306 312 1360 611110.
323 1324 345 1359 c.
357 1309 455 1372 19.§2.
488 1308 514 1357 Is
532 1309 586 1359 finis
605 1307 653 1356 tuit
670 1307 808 1357 ulciscenda
830 1308 966 1359 Germanici
993 1317 1075 1366 morte,
1102 1326 1151 1361 uon

58 1371 132 1418 modo
140 1372 204 1435 apud
210 1373 264 1419 illos
271 1373 390 1429 homiues,
402 1373 445 1434 qui
455 1373 623 1433 tumagebant,
632 1372 706 1420 etiam
716 1373 803 1424 secutis
820 1372 966 1436 temporibus
982 1375 1046 1423 vario
1058 1389 1149 1424 rumore

56 1435 159 1498 3661616.
190 1437 230 1487 11.
241 1437 297 1487 ibid.
308 1437 325 1485 1.
336 1443 361 1488 4.
369 1454 393 1487 6.
404 1441 445 1486 66.
459 1440 473 1502 §
486 1441 509 1486 1.
535 1437 592 1486 Nou
606 1438 696 1499 attingo
716 1436 824 1494 Graecos,
844 1452 945 1501 quotum
964 1454 1014 1487 aen
1033 1438 1104 1489 modo
1124 1439 1152 1487 li-

60 1499 319 1563 termenandum
327 1503 456 1567 mapuaite.
1004 1534 1006 1538 ,

416 1598 432 1628 ⁵
442 1601 482 1646 61.
499 1600 557 1648 Nan
566 1600 746 1647 moda-aeram
756 1606 789 1648 ct.

96 1677 166 1727 Suet.
182 1678 272 1727 Neron.
282 1694 305 1729 c.
316 1682 358 1729 66.
379 1677 444 1727 Nem
460 1679 627 1728 collationibus
641 1694 690 1726 non
706 1678 810 1741 receptis
825 1679 906 1733 modo,
922 1693 1005 1727 verum
1022 1687 1048 1728 st
1064 1679 1152 1745 efflagi-

59 1741 132 1869 11161ζὲ
133 1743 282 1857 ἐἑιιονίιιείιιι
299 1745 487 1807 privatorumque
506 1759 593 1793 censue
610 1744 729 1793 exhausit.
761 1744 801 1793 16.
821 1743 914 1793 Docuit·
930 1758 952 1791 c.
968 1750 994 1792 4.
1010 1744 1152 1808 Spectacula

159 1808 300 1884 66666666
321 1817 347 1856 et
366 1817 487 1860 sumtuosa
504 1809 580 1858 edidit
591 1808 752 1865 Domitianus,
770 1823 819 1856 nou
836 1806 861 1854 iu
878 1807 1054 1870 amphitheatro
1074 1810 1151 1868 mode,

59 1887 142 1921 verum
154 1882 180 1921 et
190 1887 215 1921 m
225 1888 296 1922 carco.

331 1968 347 1998 ³
357 1973 398 2018 62.
416 1971 473 2019 Non
483 1972 625 2019 modo-aed
634 1985 677 2019 aec
686 1968 829 2017 reiissimum
841 1975 885 2016 est.

96 2047 191 2099 scotta
202 2049 219 2099 l.
231 2050 271 2099 11.
281 2066 303 2098 6.
314 2054 339 2100 8.
359 2049 420 2099 Tum
433 2058 533 2113 repente
550 2058 631 2097 tantus
649 2065 734 2097 nervos
751 2047 884 2098 Alexandri
900 2051 1027 2112 occupavit
1036 2049 1106 2114 rigor,
1117 2059 1154 2118 nt,

58 2114 194 2162 interclusa
214 2128 282 2171 vocs,
302 2130 352 2162 non
370 2129 426 2178 spes
444 2115 516 2162 modo
539 2114 648 2170 remedii,
666 2115 708 2162 sed
727 2129 772 2162 nec
789 2113 876 2183 dilatio
890 2114 990 2177 periculi
1001 2115 1154 2169 inveniretur·
1241 2149 1246 2155 ·

48 2174 50 2179 ’
60 2177 148 2244 (Idem
159 2179 191 2230 ci.
200 2194 255 2227 mm
265 2194 291 2226 n.
303 2179 355 2243 61.)

278 2281 319 2327 66.
337 2273 394 2326 Non
404 2277 545 2326 modo-ced
555 2291 585 2328 nc
595 2303 606 2315 ·
615 2301 625 2314 ·
633 2277 735 2341 quidem,
747 2290 791 2341 pro
804 2288 851 2325 noa
861 2276 943 2325 dico.ll

99 2355 156 2406 Noa
165 2357 232 2406 modo
241 2372 284 2423 pre
294 2368 341 2407 non
351 2357 403 2407 dico
412 2355 530 2405 interdum
540 2358 639 2405 assumit
645 2360 686 2407 scd
696 2374 725 2408 aa
736 2358 838 2421 61116666.
873 2357 952 2411 ciel.
965 2362 989 2407 1.
1008 2359 1073 2408 Fam.
1084 2375 1120 2424 ep.
1130 2366 1155 2410 0.

59 2418 123 2469 Nou
139 2421 209 2473 modo
221 2422 351 2486 diguitatis,
368 2421 411 2470 sed
422 2437 452 2470 ne
468 2422 584 2470 libertatis
601 2423 698 2485 quidem
709 2430 797 2485 partem
811 2421 857 2471 sibi
872 2422 976 2486 reliquit.
1009 2425 1073 2472 Ibid.
1082 2440 1118 2500 ep.
1129 2428 1154 2472 Β.

60 2483 266 2548 nuncuparem
283 2494 375 2534 tuorum
389 2486 527 2535 meritorum
541 2502 589 2535 non
605 2486 676 2535 modo
686 2485 818 2543 referenda.
829 2485 872 2535 aad
882 2501 913 2533 ue
925 2485 1050 2551 cogitanda
1101 2489 1156 2538 dem

61 2550 262 2662 fficonsequi
270 2564 374 2615 pessum.
406 2552 424 2601 1.
436 2555 476 2600 12.
484 2567 519 2615 cp.
529 2557 570 2601 24.
588 2551 637 2614 Ego
656 2551 750 2599 nullum
768 2553 847 2599 locum
862 2550 946 2599 omitto
957 2566 1005 2598 nou
1023 2567 1062 2600 mo
1080 2554 1155 2615 olau-

131 2614 138 2627 '
149 2615 195 2680 tui,
208 2618 250 2664 sed
261 2631 292 2663 ne
301 2615 402 2664 'ornandi
412 2612 517 2680 quidem.
538 2617 554 2665 l.
565 2620 590 2665 4.
601 2620 689 2679 61616.
704 2613 776 2663 Nunc
792 2630 841 2662 non
852 2613 921 2662 modo
939 2615 1026 2678 agendi
1038 2616 1155 2669 rationem
1221 2615 1226 2621 ’

61 2679 156 2727 nullam
166 2681 250 2736 habeo,
259 2680 302 2729 sed
312 2697 343 2729 ne
353 2680 474 2744 cogitandi
484 2680 588 2744 quidem.
608 2680 626 2727 i.
637 2684 677 2730 15.
695 2680 749 2730 Aet.
765 2694 801 2744 cp.
812 2683 853 2730 26.
877 2678 931 2726 Nec
948 2680 1073 2742 quicquam
1088 2689 1154 2745 post·

60 2743 111 2793 hac
127 2759 180 2792 uon
198 2747 271 2794 modo
283 2753 385 2803 mutum,
399 2747 442 2795 sad
452 2760 483 2793 ne
495 2745 612 2793 tantulum
656 2743 718 2792 'dem
727 2742 876 2807 praeterieria.
892 2758 939 2807 you
948 2745 1030 2792 should
1039 2749 1082 2795 661
1101 2746 1156 2819 only

61 2806 175 2859 worloolc
189 2809 290 2873 nothing
299 2811 437 2874 important,
449 2811 490 2859 bnt
500 2815 542 2859 not
552 2825 609 2860 coen
618 2760 659 2858 tie
668 2814 772 2858 meonest
781 2809 816 2856 tri
835 2824 856 2857 c.
889 2806 963 2866 (Not.
978 2809 1005 2855 in
1016 2808 1063 2857 hac
1078 2807 1157 2861 torm

61 2879 104 2922 661
114 2873 233 2937 elegantia
246 2875 369 2935 imitanda,
381 2880 407 2923 et
422 2889 466 2938 pre
476 2889 523 2923 aon
533 2877 600 2923 modo
613 2888 661 2921 noa
671 2881 726 2922 ants
735 2888 765 2923 ac
776 2888 806 2936 qu
879 2871 1004 2921 dicendum
1014 2877 1155 2926 nannudo:

63 2939 173 3001 exempla
188 2939 215 2986 in
232 2940 375 2988 contrarium
389 2954 440 2986 rara
451 2945 515 2994 sunt,
525 2953 571 2985 uec
586 2937 657 2986 icelle
668 2937 711 2985 ubi
721 2953 751 2986 nc
762 2937 854 3000 quidam
865 2943 902 2983 est
911 2948 963 2983 cum
979 2936 1055 2988 subst.
1064 2939 1104 2985 661
1115 2938 1156 2986 ad·

60 3001 163 3067 jectivo.
195 3003 257 3056 Item
266 3005 300 3053 sic
311 3012 348 3053 est
354 3013 470 3081 aequente
487 3018 568 3052 aarum
576 3003 656 3054 ctiam.
681 3003 713 3051 V·
724 3003 793 3053 Clas.
807 3002 861 3050 Cic.
869 3001 896 3048 in
905 3003 1157 3070 manducatam.)
1213 3003 1216 3011 '

350 3097 868 3160 ocNaaaadoaoa-aodaaeuqaiden·
920 3145 922 3149 .

100 3181 157 3230 Nan
166 3183 235 3231 66666
248 3182 407 3231 aton—sedne
418 3207 428 3218 ·
439 3206 449 3216 ·
460 3181 555 3243 quidem
569 3178 679 3242 uanrpari
688 3179 750 3226 solat
763 3192 807 3240 pro
817 3182 910 3226 tuntum
923 3175 999 3227 61661.
1024 3179 1157 3231 6161666.

63 3246 84 3294 1.
96 3253 122 3294 61
128 3262 165 3309 ep.
178 3249 218 3297 10.
234 3245 281 3294 cui
290 3246 327 3294 rei
334 3261 383 3292 non
393 3245 464 3293 modo
471 3260 520 3292 non
527 3244 640 3308 preteriit
647 3252 751 3305 tempus,
758 3241 801 3290 aad
808 3256 842 3290 na
852 3251 971 3291 metuam
978 3242 1166 3306 quiden-ettam,

63 3326 131 3358 nunc
139 3324 191 3373 meo
196 3310 287 3375 judicio
298 3310 352 3358 tuit.
383 3310 447 3359 Ibid.
457 3311 474 3358 l.
484 3313 523 3358 16.
532 3324 567 3373 ep.
577 3311 616 3359 110.
632 3307 736 3357 Abdidit
746 3323 770 3355 se
777 3305 917 3355 inintimatn
924 3307 1099 3365 Macedoniam,
1110 3325 1159 3374 quo

64 3375 146 3440 potuit
160 3375 297 3438 longissime
311 3390 327 3423 a
340 3375 432 3431 castris,
442 3389 491 3421 non
508 3373 581 3422 modo
595 3381 625 3422 ut
640 3388 686 3422 uon
698 3381 812 3436 praesset
822 3372 868 3420 ulli
881 3375 985 3436 negotio,
997 3374 1122 3423 sedetiam
1132 3384 1159 3422 ut

60 3441 237 3489 ‘ueintsaaeeet
248 3439 387 3503 quidem.¹⁷¹
802 3464 803 3469 =

95 3502 112 3534 1
126 3503 253 3553 dicaciam
268 3518 316 3555 aaa
333 3505 400 3553 modo
411 3502 604 3552 altit-sectae·
615 3503 736 3565 ·qaidcm.
771 3501 875 3565 Cic-aro
887 3500 1000 3551 116661.
1014 3516 1037 3549 6.
1050 3505 1091 3551 00.
1107 3501 1160 3564 Ego

65 3576 150 3618 centn
160 3569 270 3625 ostendo,
280 3584 328 3617 uon
339 3567 410 3615 modo
426 3568 488 3615 nihil
498 3581 580 3614 sorum
595 3564 679 3615 fecisse
697 3565 820 3621 Romium
836 3566 882 3614 aad
898 3581 930 3614 ne
948 3565 1055 3628 potuiaae
1063 3565 1160 3630 qmdem

64 3634 153 3683 facere.
190 3634 229 3684 16.
240 3636 258 3682 1.
269 3637 293 3682 2.
304 3636 334 3684 66
346 3634 408 3681 Ν61.
419 3632 454 3680 D.
464 3647 485 3680 c.
497 3635 522 3679 t.

99 3698 111 3722 ⁸
129 3701 169 3750 Sic
187 3700 246 3747 item
262 3712 310 3747 aaa
327 3698 394 3746 modo
412 3696 564 3746 ballac-scd
580 3692 763 3756 vav-quidem.
804 3693 856 3742 Cic.
867 3693 885 3741 1.
898 3693 1032 3741 1.66Ν61.
1043 3693 1078 3741 D.
1090 3708 1112 3740 6.
1122 3697 1162 3741 60.

65 3761 208 3814 vestrorum
223 3763 324 3812 6666666
339 3777 389 3810 uon
405 3761 475 3809 modo
491 3758 635 3809 benofidum
650 3757 742 3806 nullum
756 3763 835 3814 extat,
854 3756 899 3806 sod
910 3771 942 3805 ns
958 3757 1045 3804 lactum
1064 3755 1162 3820 quidem
1239 3832 1241 3839 ,

63 3828 175 3879 amalae.
186 3830 227 3878 16.
237 3834 254 3879 4
269 3829 339 3879 Vm·
350 3841 372 3874 6.
384 3830 425 3875 20.

97 3891 112 3919 ⁸
123 3895 164 3944 Sic
175 3909 245 3958 pono
255 3907 303 3942 aaa
315 3893 383 3940 moda
399 3890 590 3952 amquam-sed
606 3903 653 3937 ac·
662 3887 780 3950 66161666.
810 3887 862 3935 Cic.
873 3890 889 3934 8
905 3886 974 3935 Vm.
984 3900 1006 3932 c.
1017 3888 1058 3934 25.
1073 3884 1104 3933 Id
1113 3901 1162 3935 uon

65 3957 139 4008 modo
151 3960 205 4024 ipss
218 3972 340 4021 uunqmm
349 3956 451 4012 viderat,
467 3952 511 4000 aed
521 3969 552 4002 na
565 3952 671 4001 audierat
681 3951 786 4016 quidam.
818 3951 858 4000 16.
870 3951 930 4000 Dio.
941 3949 968 3997 ia
982 3949 1049 3998 Vm.
1060 3966 1082 4000 6.
1095 3952 1135 4000 11.

100 4138 120 4213 {¹
128 4137 206 4200 [1166
221 4137 325 4186 16666616
336 4136 386 4186 tare
400 4134 479 4184 166666
489 4133 569 4191 babet,
579 4132 622 4183 ubi
631 4131 702 4186 61166
714 4130 794 4179 dicem
804 4127 863 4177 licet
872 4129 993 4177 mnodo
1003 4131 1125 4182 naa-aed
1133 4145 1164 4182 nc

60 4240 63 4245 Ἴ
99 4269 123 4299 ¹²
140 4267 232 4318 Similis
243 4267 300 4319 huic
317 4265 398 4316 ultimo
415 4265 524 4331 exempla
541 4263 626 4332 rarius,
645 4263 690 4315 sed
701 4259 831 4329 aliquando
841 4235 1077 4319 tundamentum.
