2670 4636
62 279 248 355 ausurum]
294 309 327 319 .,
432 274 486 333 uu
519 271 838 334 elericorum.
956 237 961 247 ’
1104 275 1160 331 sur

385 420 399 449 “
409 424 448 468 15.
467 422 588 477 Quantum
603 435 658 468 cum
674 420 841 482 comparativo.

97 500 155 549 Lis.
167 501 183 548 1.
191 505 232 551 26.
243 518 267 550 c.
276 505 316 561 19.
333 500 413 562 Quum
424 508 489 549 extra
499 509 586 550 sortem
597 502 695 564 collega
707 502 829 564 optionem
839 499 891 549 dari
910 500 1036 562 provincius
1049 499 1157 561 iniquum

62 566 146 618 inerit,
163 574 278 628 quantum
292 567 404 632 mojorem
420 567 538 628 injuriam,
554 568 602 614 imo
619 567 786 613 contumeliam
799 581 861 620 esse,
878 574 963 613 sortem
983 580 1051 612 susm
1061 565 1156 611 adeum

63 630 195 678 transferri.
229 632 348 680 (1111111.
360 635 400 680 12.
411 648 433 678 c.
441 636 481 679 21.
498 627 603 677 Sumitur
613 633 663 678 haee
674 644 814 692 equaquam
826 630 962 692 longissime
972 631 1088 688 alittore;
1102 644 1158 676 nam

64 694 178 758 liquidior
189 703 214 742 ot
224 697 303 758 purior
315 703 360 751 est,
370 703 483 758 quantum
495 695 572 742 altiori
583 695 643 742 mari
654 698 737 742 hausta
747 703 792 742 est.

531 791 706 856 (Admonitio.)
777 829 780 833 .

96 871 177 919 Locus
194 873 261 921 Liuii
276 879 313 920 est
338 873 440 929 alienus,
464 888 522 921 nam
539 874 571 920 ibi
587 874 613 919 in
630 873 667 920 ed.
684 874 711 920 J.
729 874 806 921 Gron.
824 879 937 936 quantum
955 873 1012 920 vitio
1033 887 1157 934 operarum

61 935 160 999 irrepsit
171 952 212 999 pro
222 944 317 1000 quanto.
358 937 432 999 Apud
443 940 539 986 eundem
549 939 566 984 l.
578 942 617 985 44.
631 954 652 984 c.
662 943 685 986 7.
711 939 737 984 J.
749 939 792 986 Fr.
805 939 881 986 Gron.
891 939 989 985 volebat
1002 939 1051 1000 legi
1062 941 1157 1000 quanto,

63 1008 91 1047 et
101 1001 136 1049 sic
146 1001 237 1049 habent
247 1002 304 1050 edd.
318 1002 399 1049 variae.
429 1003 476 1049 Sed
488 1011 525 1049 est
535 1002 595 1050 alius
606 1004 673 1048 locus
683 1002 699 1047 l.
711 1009 734 1050 5.
745 1019 767 1049 c.
782 1006 820 1051 10.
831 1018 901 1064 quem
912 1004 957 1049 hue
969 1003 1069 1061 advocat
1077 1003 1157 1051 Ducit.

64 1067 96 1112 ad
108 1066 125 1112 l.
136 1070 176 1114 44.
188 1082 209 1113 c.
220 1072 245 1116 7.
263 1067 311 1114 Sed
320 1065 340 1112 is
350 1065 432 1113 similis
443 1077 480 1113 est
491 1066 528 1129 iis,
540 1082 592 1128 quae
601 1066 691 1129 prolata
702 1067 795 1114 suntad
806 1083 830 1112 n.
841 1072 865 1115 4.
878 1067 917 1114 ubi
926 1072 1018 1115 tontum
1028 1083 1071 1129 pro
1083 1072 1158 1126 teuto,

63 1136 91 1176 et
102 1128 181 1178 nullus
192 1131 293 1179 disertus
301 1131 475 1194 comparativus
483 1147 490 1190 ;
508 1131 562 1178 add.
576 1148 599 1178 n.
612 1135 651 1179 21).
665 1160 667 1164 >
685 1130 766 1178 Verba
784 1133 835 1179 haec
852 1139 921 1178 sunt:
946 1132 1067 1188 Quantum
1086 1147 1158 1192 auge-

64 1195 136 1242 batur
147 1196 247 1243 militum
264 1211 387 1251 numerus,
404 1204 470 1243 tanto
487 1196 571 1259 majore
585 1196 688 1259 pecunia
701 1194 727 1241 in
737 1197 883 1257 stipendium
896 1212 956 1260 opus
967 1202 1023 1243 erat.
1057 1194 1104 1242 Sed
1120 1195 1158 1242 hio

63 1259 179 1321 quaeritur
189 1262 219 1307 de
230 1267 343 1323 quantum
353 1276 409 1308 cum
420 1261 509 1308 diserto
520 1261 689 1323 comparativo,
701 1262 747 1307 etsi
759 1269 864 1308 ceterum
875 1262 948 1308 etiam
959 1267 1045 1324 quuuto
1061 1260 1157 1320 ponitur

63 1324 92 1371 in
102 1322 190 1372 talibus
201 1325 268 1382 iocis,
284 1326 325 1372 nbi
335 1326 436 1372 disertus
446 1326 617 1386 comparativus
627 1341 672 1372 uon
685 1332 729 1372 est.
760 1325 791 1373 V.
805 1327 891 1374 Heius.
904 1334 928 1372 et
940 1327 1026 1374 Burm.
1042 1325 1073 1372 ad
1087 1325 1158 1373 Ouid.

65 1386 130 1436 Her.
138 1404 173 1452 ep.
186 1393 225 1438 17.
233 1406 256 1437 r.
266 1394 306 1439 71.
323 1389 405 1452 Atque
417 1389 488 1437 etiam
498 1391 521 1435 in
532 1389 575 1435 illo
585 1390 686 1438 Liviuuo
696 1390 749 1435 loco
759 1391 827 1436 multi
837 1389 889 1436 iibri
901 1390 988 1438 habent
997 1395 1092 1452 quanto.
1109 1389 1158 1436 Sed

64 1453 113 1500 huc
130 1453 188 1502 iacit
202 1455 304 1502 maxime
314 1455 382 1502 loeus
394 1454 454 1503 Sutt.
464 1455 524 1514 Jug.
536 1469 558 1501 c.
570 1458 610 1502 65.
635 1454 757 1509 Quantum
766 1453 816 1500 vita
829 1454 924 1500 illorum
940 1453 1079 1516 praelatior,
1090 1461 1158 1500 tanto

65 1518 152 1564 horum
167 1519 274 1566 socordia
290 1519 433 1580 flagitiosior.
449 1518 490 1565 ubi
500 1517 529 1564 rb
539 1523 653 1580 quantum
671 1534 712 1577 pro
729 1517 823 1580 vulgato
834 1524 920 1580 quanto
936 1534 964 1565 er
977 1517 1074 1580 optimis
1092 1516 1158 1564 libris

62 1581 169 1630 restitnit
184 1584 290 1644 Coruus,
303 1584 344 1646 qui
356 1582 480 1631 videndus.
496 1581 561 1630 Add.
575 1583 632 1631 011.
643 1583 716 1631 Mite.
726 1580 755 1628 T.
767 1589 791 1630 5.
802 1597 827 1644 p.
840 1581 1120 1632 111111111111111.
1133 1587 1158 1630 5.

63 1661 89 1694 c.
104 1651 141 1695 10.
152 1646 235 1694 Simile
251 1656 287 1695 est
300 1649 372 1696 etiarn
383 1649 436 1704 hoc,
453 1648 516 1711 quod
527 1663 597 1710 quum
605 1662 649 1710 pro
660 1663 705 1710 quo
716 1647 882 1710 comparativis
888 1646 1009 1711 jungitur3
1028 1645 1077 1693 vid.
1088 1661 1159 1708 supra

65 1710 95 1758 in
108 1712 186 1766 Quum
196 1727 220 1763 n.
231 1715 271 1760 18.
859 1731 860 1736 ’

295 1806 299 1819 ’
391 1798 447 1859 (16.
466 1796 585 1851 Quantum
595 1809 648 1842 cum
663 1793 829 1857 superlativo.)

104 1875 164 1924 Veii.
175 1876 192 1923 l.
203 1881 226 1926 2.
237 1891 259 1924 c.
270 1879 309 1923 11.
319 1877 348 1925 de
358 1877 456 1925 Murio:
481 1877 602 1934 Quantum
622 1876 686 1924 bello
708 1876 820 1938 optimus,
843 1881 936 1922 tantum
956 1888 1015 1934 pace
1032 1873 1159 1936 pessimus.

64 1939 130 2002 quod
146 1941 231 1987 eodem
251 1940 320 1988 modo
335 1940 430 2001 dieitur,
447 1956 575 2004 quoquam
589 1947 673 1990 ettam
688 1956 743 1988 cum
760 1941 920 2004 superlativ03
936 1946 1019 2004 estque
1031 1937 1158 1984 admodum

64 2003 179 2068 frequens
189 2005 254 2068 apud
264 2005 368 2068 optimos
379 2006 514 2068 scriptores.

267 2104 306 2150 17.
325 2103 470 2156 Quantulum
480 2107 506 2148 et
516 2103 741 2165 quantulumcunque
749 2103 773 2149 in
785 2102 962 2149 extenuatione.

102 2185 248 2240 Quantulum
259 2191 284 2231 et
294 2186 518 2246 quantulumcunque
528 2184 693 2231 extenuationi
703 2184 816 2232 serviunt.
851 2186 901 2233 Cio.
913 2189 927 2233 3
943 2185 1013 2234 Verr.
1025 2199 1047 2231 c.
1061 2188 1083 2232 1.
1098 2182 1160 2242 Nos,

65 2249 110 2310 qui
116 2249 167 2312 jam
177 2255 202 2295 et
212 2249 270 2311 quid
283 2249 370 2310 facere,
385 2255 411 2295 et
421 2250 561 2311 quantulum
572 2249 680 2311 judicare
692 2265 826 2312 possemus,
839 2249 995 2296 ostendimus.
1010 2249 1058 2296 und
1072 2248 1159 2306 ostrow

64 2313 260 2374 littlejudgment
272 2328 362 2369 tooure
376 2316 504 2376 possessed.
537 2314 575 2361 ld·
586 2319 601 2362 2
612 2313 674 2374 Agr.
685 2329 706 2361 e.
721 2319 761 2362 25.
778 2314 879 2360 Etenim
893 2315 1032 2376 quantulum
1051 2313 1158 2370 interest,

64 2384 147 2424 utrum
156 2378 182 2424 in
195 2377 294 2424 Massici
303 2377 395 2425 radices
405 2378 481 2426 aliove
496 2378 608 2440 quopiam
622 2379 787 2426 deducamini?
805 2380 870 2426 witot
881 2384 952 2439 great
963 2378 1089 2441 differettoc
1105 2381 1165 2426 does>

65 2442 88 2490 11
98 2441 185 2491 molce‘!
212 2443 250 2490 lu.
265 2444 282 2488 1.
293 2446 316 2490 1“.
327 2445 355 2490 de
373 2444 443 2491 0111.
454 2459 475 2491 o.
486 2446 526 2491 29.
554 2443 589 2490 Ut
597 2458 628 2489 ne
639 2444 693 2505 plus
703 2459 748 2490 nos
759 2456 918 2505 assequamur,
931 2457 1001 2503 quam
1018 2443 1159 2504 quantulum

64 2506 91 2553 in
109 2507 210 2555 dicendo
226 2515 349 2554 essecutus
360 2521 394 2553 es.
427 2508 466 2554 Id.
477 2507 494 2552 l.
505 2513 529 2555 2.
541 2509 569 2555 de
581 2508 666 2556 Dicin.
681 2523 703 2554 c.
722 2513 762 2556 65.
788 2507 859 2553 Misit
879 2506 1009 2568 conjectori
1031 2504 1159 2562 somnians,

64 2570 205 2634 quantulum
216 2571 293 2619 visum
305 2578 342 2619 est
352 2572 383 2618 de
394 2578 501 2633 argento.

99 2640 138 2684 18.
157 2637 390 2698 Quantulumcunque
396 2635 502 2694 apertius
511 2641 631 2684 extenuat.
649 2637 700 2685 cu.
712 2640 728 2683 2
739 2638 803 2686 Verr.
811 2654 831 2684 c.
842 2641 883 2685 74.
900 2636 948 2683 Sed
958 2643 1036 2684 tamen
1046 2635 1159 2698 quicquid

62 2701 146 2748 eritin
160 2701 196 2747 bis
206 2701 302 2756 libellis,
317 2701 550 2763 quantulumcunque
565 2701 681 2748 ridebitur
692 2717 751 2757 esse,
771 2703 814 2749 hoc
826 2701 920 2763 quidem
932 2709 995 2748 certe
1010 2700 1159 2747 manifestum

64 2765 120 2813 erit.
153 2766 193 2814 ld.
204 2766 219 2811 1.
232 2769 255 2813 2.
265 2769 294 2814 de
307 2767 377 2814 Orat.
389 2781 411 2812 c.
423 2769 463 2813 23.
485 2765 523 2811 Ex
539 2780 568 2812 eo
583 2765 647 2828 quod
661 2766 723 2821 dico,
740 2767 974 2829 quantulumcunque
991 2765 1017 2811 id
1037 2772 1082 2819 est,
1100 2764 1159 2826 quid

63 2829 160 2888 faciam,
171 2830 272 2893 judicari
288 2834 376 2892 potest.
393 2830 498 2878 however
508 2830 672 2894 iusignificunt
687 2831 709 2879 it
719 2845 772 2893 moy
783 2831 817 2879 be.
852 2832 890 2879 ld.
905 2831 1060 2877 Oratelli).
1082 2827 1160 2875 Aures

63 2894 171 2942 civitatis
181 2909 225 2941 nos
234 2895 313 2958 primi,
329 2893 464 2957 quicunque
475 2909 575 2949 eremus,
593 2903 618 2941 et
633 2895 866 2958 quantulumeunque
888 2893 1033 2949 dicebamus,
1044 2894 1075 2940 ad
1090 2893 1158 2956 hujus

64 2959 161 3022 generis
171 2958 275 3017 dicendi,
286 2958 407 3013 audiendi,
417 2958 565 3006 incredibilis
575 2959 653 3006 studio
661 2959 825 3007 convertimus.
858 2960 872 2988 ⁶
883 2958 948 3007 Add.
962 2958 1107 3008 0111111111.
1119 2960 1160 3005 11.

63 3029 125 3072 (1.1.
452 3067 455 3070 ,

99 3087 114 3118 ¹⁸
127 3083 166 3138 19.
185 3091 295 3146 Quantus
305 3089 430 3153 conjuncte
440 3104 494 3136 cum
505 3104 581 3151 quum.
599 3088 677 3151 Nepos
688 3089 750 3137 Dat.
766 3105 788 3135 c.
800 3095 824 3145 5.
841 3087 982 3136 Artaxerxes
996 3087 1157 3144 reminiscens,

62 3168 81 3202 a
91 3161 181 3218 quanto
191 3153 256 3201 bello
265 3152 295 3202 ad
308 3169 379 3218 quam
389 3168 485 3216 parvam
494 3168 545 3200 rem
555 3151 686 3216 principem
697 3153 782 3201 dueum
796 3153 896 3201 misisset
906 3159 950 3202 eet.

362 3254 403 3299 2ο.
422 3251 544 3306 Quantum
560 3257 659 3311 tautum,
672 3252 709 3299 rel
720 3253 866 3301 tantundem.

97 3331 220 3379 Interdum
230 3331 344 3380 adsciscit
354 3337 446 3380 tuntum
457 3332 497 3379 vel
505 3333 651 3382 tantundem.
687 3333 737 3380 Cic.
749 3333 764 3378 1.
775 3337 813 3381 16.
825 3333 894 3380 Foru.
902 3347 937 3393 ep.
948 3336 973 3380 4.
990 3331 1111 3389 Quantum
1119 3346 1158 3378 me

64 3395 153 3459 diligis,
168 3404 261 3444 tantum
277 3397 322 3451 iac,
338 3404 364 3443 ut
375 3397 460 3444 valeas.
495 3397 558 3445 Ibid.
569 3413 604 3459 ep.
616 3402 640 3445 7.
657 3398 780 3454 Quantum
799 3413 836 3444 me
853 3396 941 3458 diligis,
960 3403 1051 3443 tantum
1070 3395 1157 3443 adhibe

63 3461 90 3508 in
102 3469 128 3508 te
138 3461 278 3524 diligentia.
294 3462 349 3509 11111
359 3475 412 3510 cure
422 3460 568 3523 osyourseis,
579 3475 606 3510 us
619 3476 664 3522 pou
681 3463 731 3510 loos
744 3476 787 3510 one.
822 3462 860 3509 Id.
872 3462 888 3508 1.
896 3465 921 3509 6.
933 3474 967 3521 ep.
980 3464 1019 3508 19.
1037 3461 1159 3517 Quantum

63 3525 96 3572 de
105 3526 147 3573 ilio
158 3526 226 3582 libro,
235 3526 376 3573 tantundem
384 3526 414 3573 da
425 3526 474 3572 mei
480 3524 565 3590 judicii
575 3525 638 3571 fama
649 3526 792 3572 detrahatur.
809 3526 847 3573 Id.
859 3525 875 3570 l.
886 3529 925 3572 15.
933 3539 970 3587 ep.
980 3528 1020 3572 11.
1037 3525 1159 3581 Quantum

63 3590 108 3638 tibi
126 3606 209 3638 omues
219 3590 276 3638 boni
284 3590 382 3646 debent,
394 3604 442 3653 quo
450 3590 529 3637 minus
538 3589 674 3637 tantundem
686 3604 731 3650 ego
742 3604 805 3635 unus
814 3588 921 3644 debeam,
932 3603 981 3635 non
990 3603 1084 3651 recuso.
1105 3589 1120 3635 1
1129 3589 1160 3636 do
1203 3615 1204 3618 =

62 3660 105 3704 not
115 3657 207 3720 ample
222 3661 246 3704 to
258 3656 285 3704 be
301 3671 329 3704 os
342 3654 412 3704 muci
427 3656 539 3705 indebted
556 3660 580 3704 to
590 3669 637 3718 pou
647 3669 676 3702 on
691 3669 730 3716 my
740 3668 792 3700 own
808 3653 893 3712 111111,
909 3667 936 3701 us
952 3666 1023 3716 every
1039 3654 1093 3701 weil
1109 3653 1160 3702 dis-

59 3722 136 3784 posed
141 3735 227 3784 perron
237 3720 263 3769 in
269 3720 326 3779 suet
336 3721 365 3768 is.

93 3871 96 3880 ,
378 3817 393 3848 ⁴*
405 3822 445 3867 21.
464 3819 684 3875 Quantum—tanto
697 3816 773 3865 rarius
785 3823 831 3864 est.

97 3900 182 3947 Coesur
192 3900 225 3948 Β.
238 3900 271 3948 G.
291 3901 342 3949 1.1.
358 3915 379 3947 c.
391 3902 431 3946 81.
444 3901 457 3963 §
470 3902 493 3947 ³.
526 3901 646 3957 Quantum
658 3915 729 3962 opero
740 3905 913 3963 processerant,
928 3904 953 3945 et
965 3904 1042 3945 cestra
1052 3898 1158 3960 protule-

61 3969 134 4024 rant3
150 3972 217 4010 tanto
237 3965 335 4012 aberant
352 3966 382 4012 ab
401 3979 463 4026 aqua
480 3963 584 4029 longius.
611 3964 694 4016 Lini.
705 3967 728 4012 5.
741 3981 763 4011 c.
775 3967 815 4013 19.
826 3963 842 4011 1.
854 3967 894 4012 27.
905 3979 927 4010 c.
938 3967 978 4012 47.
989 3970 1014 4010 et
1024 3964 1042 4010 l.
1052 3967 1093 4010 42.
1104 3979 1126 4010 c.
1135 3968 1159 4010 5.

65 4026 375 4079 sustentaturum.
392 4031 441 4092 §2
453 4027 533 4093 (Add.
548 4029 617 4088 Virg.
628 4029 686 4077 AEn.
698 4029 715 4075 l.
727 4033 766 4077 12.
784 4044 808 4075 r.
821 4033 860 4079 19.
871 4037 896 4076 et
908 4027 972 4076 dieta
983 4029 1013 4075 ad
1020 4042 1045 4078 1.
1057 4025 1121 4091 15).

475 4125 543 4174 ’.22
562 4126 752 4180 Quantum-eo.

95 4208 152 4260 Lio.
163 4208 181 4256 l.
193 4211 216 4256 6.
227 4224 248 4255 o.
260 4212 300 4257 25.
317 4196 439 4262 Quu'ntum
447 4204 554 4269 juniores
565 4212 660 4268 potrum
671 4203 736 4268 plebi
747 4219 773 4252 se
784 4205 861 4267 uragis
869 4205 1041 4261 insinuabant,
1049 4221 1081 4252 eo
1091 4204 1176 4250 acrius

60 4281 147 4348 contra
157 4273 244 4398 tripiici
258 4271 394 4330 tendebant,
413 4279 439 4320 ut
448 4271 516 4337 plebi
525 4277 656 4338 'suspectos
667 4287 711 4320 eos
728 4269 883 4322 criminando
898 4271 1021 4320 iacerent.
1035 4266 1143 4332 (simle
1152 4270 1194 4310 est

53 4351 179 4398 superiori.

106 4416 176 4463 71111.
750 4416 796 4509 γ’
1101 4415 1123 4458 ‘2
1136 4408 1160 4451 S
