2670 4636
483 252 653 312 HORATII
675 250 918 353 ‘tunsarum
963 341 966 343 ‚
996 254 1249 332 [rxrnrasacus
1276 331 1278 333 ¹

552 489 662 537 CAPUT
696 487 837 537 LXXXIII.

456 604 506 660 De
520 601 669 661 Aduerbio
683 601 934 661 Exrnrrrsncus.
977 671 982 678 ,

184 722 207 764 1.
219 714 401 762 Exrnrnsncus
418 711 553 758 adverqum
572 711 714 758 contrarium
729 712 804 759 habet
819 713 970 762 intrinsecus.
1005 715 1057 762 Cic.
1073 716 1128 768 l..‘2.
1143 715 1172 762 de
1185 713 1249 762 Not.

128 778 130 783 ’
151 781 185 829 D.
202 778 419 828 escensiones
434 783 459 823 et
474 790 514 822 cor
524 776 673 824 extrinsecus
689 775 800 837 spiritum
816 777 913 825 ducunt.
918 779 986 837 from
1001 779 1111 828 without.
1141 780 1182 828 Id.
1193 778 1210 825 l.
1223 782 1248 825 l.

79 869 82 874 ·
116 896 119 902 ,
148 847 178 892 ‹le
191 845 276 893 Dicin.
291 859 312 890 c.
323 844 363 888 ³2.
374 839 503 903 Cratippus
514 839 609 903 (dicit),
626 840 718 887 animos
729 841 851 888 hominum
862 843 964 904 quadam
975 858 1005 890 ox
1017 849 1083 906 parte
1095 843 1249 890 extrinsecus

149 923 202 956 esse
218 912 351 956 tractos-et
369 905 473 951 haustos.
506 905 545 953 Id.
556 906 609 975 1·ss
621 904 698 954 Accd.
709 919 732 952 c.
750 910 791 955 40.
810 905 931 968 ImagInes
950 907 1100 954 extrinsecus
1111 907 1136 954 in
1154 907 1249 953 animos

150 980 244 1021 nostros
255 987 298 1035 per
306 977 399 1032 'corpus
413 969 557 1031 irrumpunt.
578 969 620 1030 ld.
632 969 650 1016 l.
667 972 690 1016 1.
707 971 736 1018 cle
751 970 810 1019 Dio.
821 985 842 1017 c.
855 974 895 1021 24.
913 971 974 1019 Cum
985 970 1091 1018 Annibal
1109 971 1248 1019 columnam

149 1052 245 1084 auream
261 1035 334 1082 vellet
346 1033 446 1089 auferre,
460 1032 586 1087 dubitavit,
604 1041 681 1079 utrum
700 1048 730 1080 ea
748 1033 826 1081 solida
835 1041 909 1089 esset,
921 1049 952 1081 an
963 1035 1109 1087 extrinsecus
1126 1037 1247 1083 inaurata.

148 1102 198 1162 gill
208 1116 238 1149 on
254 1101 294 1148 tlte
311 1099 411 1147 outside.
444 1098 484 1146 Id.
504 1097 520 1143 l.
531 1101 556 1146 4.
567 1098 635 1146 Iliso.
649 1112 671 1146 c.
683 1099 723 1144 2⁷.
741 1096 873 1161 Corporum
889 1098 1027 1162 adjumenta
1043 1100 1188 1148 adhibentur
1205 1114 1251 1145 exc

148 1165 273 1221 trinsecus,
285 1164 415 1212 animorum
425 1162 491 1209 salua
501 1159 593 1210 iirclusa
601 1161 629 1208 in
639 1161 677 1208 his
686 1161 744 1225 ipsis
753 1170 799 1209 est.
1176 1190 1179 1197 ,

496 1268 510 1296 ⁶
523 1271 547 1316 3.
557 1265 898 1318 Extrinsecus-iutriesecue.

180 1355 246 1404 Cela·
257 1355 275 1401 l.
288 1357 311 1402 4.
321 1367 343 1398 c.
355 1355 379 1398 1.
394 1350 467 1398 Jecur
481 1348 623 1396 intrInsccua
641 1362 733 1403 carum,
753 1348 899 1396 extrinsecus
917 1350 1021 1411 gibbum.

449 1447 464 1475 ³
477 1450 500 1494 3.
510 1433 776 1512 Extrinsecus-*iram
788 1446 828 1492 vel
838 1446 904 1495 intre
911 1461 947 1510 sc.

183 1533 304 1580 Columell.
322 1531 339 1576 l.
349 1533 372 1576 2.
384 1545 405 1576 c.
418 1533 442 1576 9.
455 1525 526 1582 Quod
542 1525 691 1572 extrInsccus
705 1524 819 1580 albidum,
835 1524 901 1572 intus
911 1526 983 1574 etiam
998 1525 1143 1589 conspicitur
1160 1528 1247 1575 candi-

149 1597 214 1650 dum,
232 1597 286 1642 leve
298 1610 326 1641 ac
338 1608 424 1641 vanum
439 1589 544 1651 intelligi
553 1589 633 1635 debet.
654 1588 715 1636 Cels.
728 1588 745 1634 1.
756 1594 781 1635 6.
793 1605 814 1635 c.
825 1593 866 1636 26.
878 1588 991 1652 Quinque
1001 1606 1069 1637 nonae
1080 1607 1169 1653 genera
1180 1601 1247 1642 sunt.

147 1661 217 1771 {lpprp1
220 1658 435 1772 pppdcppprppscppus
445 1654 513 1710 laesit,
525 1654 587 1700 utin
598 1651 748 1734 vulneribus:
762 1652 825 1702 Cum
835 1653 893 1714 quid
904 1655 965 1702 intra
978 1670 1004 1702 se
1016 1656 1094 1718 ipsum
1104 1665 1247 1720 corruptum

371 1819 386 1847 ³
398 1823 421 1867 4.
432 1816 592 1866 Extrinsecus
602 1815 685 1861 tralato
695 1830 702 1872 ;
712 1815 814 1876 foreign
825 1820 848 1862 to
859 1817 899 1864 tlte
908 1831 1016 1884 purpose.

182 1901 274 2010 Cplum.
283 1901 301 1946 Ι.
313 1903 336 1945 l.
348 1913 368 1944 c.
380 1901 404 1944 6.
420 1896 479 1943 Haec
490 1895 537 1942 etsi
547 1893 704 1948 extrinsecus,
716 1901 849 1942 nontamen
860 1895 1029 1958 intempestive
1039 1898 1122 1946 videor
1132 1899 1179 1948 hoc
1190 1899 1250 1947 locu

148 1974 199 2011 retu
209 1979 264 2011 isse.

450 2043 464 2070 “
477 2046 500 2090 5.
513 2039 832 2095 Extrinsecus-introrsus,
843 2041 937 2088 tralatc.

179 2124 267 2173 Seneca
284 2125 414 2185 fionqaill.
431 2121 513 2170 Anien.
529 2137 550 2168 c.
572 2124 612 2170 10.
629 2120 737 2167 Sciamus
754 2120 833 2168 omnia
851 2136 919 2184 aeque
937 2123 1000 2171 levia
1013 2139 1076 2180 esse,
1094 2129 1247 2177 extrinsecus

147 2188 254 2241 diversas
265 2188 339 2237 facies
349 2187 472 2242 habentia,
482 2186 596 2233 introrsus
606 2185 694 2248 pariter
703 2199 771 2232 vana.

512 2271 683 2363 (thrInsecos
700 2314 756 2361 opp.
768 2299 869 2363 colom.)
1011 2354 1017 2359 ¹

179 2381 223 2428 Est
233 2382 305 2429 etlam
316 2381 423 2442 elegans,
440 2395 492 2426 cum
504 2379 651 2428 extrinsecus
661 2379 748 2427 dicitur
762 2381 793 2427 de
810 2380 880 2428 bonis
890 2387 914 2428 et
923 2382 995 2429 malis
1009 2383 1122 2440 externis,
1138 2384 1244 2434 fortuna.

149 2447 201 2494 Cic.
215 2447 231 2492 1.
242 2452 265 2494 o.
278 2446 347 2494 Fam.
359 2459 394 2506 ep.
406 2448 445 2493 13.
468 2443 526 2490 Non
542 2443 638 2491 aliunde
656 2443 769 2507 pendere,
784 2459 829 2492 nec
843 2445 990 2495 extrinsecus
1008 2463 1137 2511 suspensas
1152 2450 1246 2498 habere

145 2511 249 2558 rationes
261 2511 323 2557 bene
334 2510 444 2572 maleque
455 2507 560 2557 vivendi.
1232 2552 1233 2555 ,

487 2736 492 2745 ¹
550 2669 662 2719 cAPur
696 2669 833 2725 cxxxiv.

494 2835 496 2839 7
511 2770 560 2828 De
573 2767 723 2829 Aduerbio
738 2767 874 2828 Fecrna.

179 2887 202 2931 1.
212 2882 321 2946 Frornn,
330 2889 356 2928 ut
367 2882 486 2942 vulgatam
498 2881 546 2944 ejus
564 2880 761 2944 significationem
780 2887 907 2936 taceamus,
925 2880 1046 2928 interdum
1058 2890 1185 2944 usurpatur
1196 2897 1243 2946 pro

146 2948 372 3001 ciaccontrooersio,
381 2945 402 2978 ¹⁹
414 2945 619 3008 unquentionslly,
628 2946 717 3008 beyond
727 2947 829 3007 dispelle,
838 2945 1009 3008 indisputobly,
1019 2950 1044 2992 to
1052 2945 1086 2994 cll
1095 2946 1245 2997 mimeram
1330 2958 1333 2971 ¹

118 3007 122 3013 ’
144 3026 263 3076 μινροεει,
275 3015 315 3058 out
326 3013 374 3058 ond
389 3014 439 3064 out,
449 3009 607 3071 indubitolly.
626 3011 677 3059 Cic.
683 3024 727 3071 pro
739 3010 812 3057 Rocc.
822 3009 879 3056 Am.
890 3025 911 3056 c.
922 3013 946 3056 6.
958 3009 1016 3056 Non
1028 3009 1105 3057 solum
1115 3011 1153 3058 soi
1163 3013 1245 3059 muni.

145 3077 211 3138 cipiI,
230 3075 271 3121 sed
285 3074 358 3121 ctiam
372 3073 439 3119 illius
454 3073 583 3121 vicinitatis
599 3073 671 3120 facile
690 3073 789 3135 primus.
818 3074 856 3122 ld.
873 3074 966 3122 lade
982 3073 1068 3122 Dicin
1086 3090 1109 3122 c·
1124 3077 1166 3123 42.
1193 3075 1245 3124 Eu·

145 3141 222 3187 doxus
237 3137 344 3185 Platonis
355 3138 448 3184 auditor
462 3138 487 3182 in
503 3137 637 3198 astrologia,
645 3136 736 3200 judicio
753 3136 941 3184 doctissimorum
954 3137 1078 3185 hominum
1092 3139 1164 3186 facile
1173 3140 1245 3202 prius

46 3227 49 3230 >
146 3219 211 3268 ceps.
246 3202 285 3250 Id.
298 3202 350 3250 13.
363 3204 391 3249 de
404 3203 507 3249 Orate.
520 3204 618 3249 mett
634 3201 732 3249 Vernc.
745 3204 784 3249 14.
797 3209 874 3263 etpro
887 3202 966 3250 Flocc.
977 3217 999 3249 c.
1010 3205 1052 3250 33.

513 3317 536 3361 2.
549 3313 632 3361 Facile
649 3328 704 3360 cum
720 3313 873 3375 superlativo.

175 3396 290 3458 ,Iungitur
299 3394 372 3442 etiam
383 3409 438 3441 curn
448 3391 601 3453 superlativo.
621 3392 673 3439 Cic.
681 3407 725 3454 pro
737 3392 824 3441 Rolir.
835 3394 906 3442 Post.
918 3410 939 3441 c.
949 3399 974 3442 3.
987 3395 1073 3442 Virum
1083 3381 1156 3442 urium
1168 3397 1244 3443 totius
1317 3384 1321 3391 ¹

145 3461 246 3512 Graeciae
262 3461 333 3507 facile
352 3457 513 3506 doctissimum
533 3457 668 3511 Platonem,
694 3457 720 3504 in
737 3457 845 3505 maximis
860 3458 973 3520 periculis
990 3473 1044 3506 esse
1062 3465 1178 3506 versatum
1200 3475 1246 3509 ac·

144 3527 260 3590 cepimus.
293 3526 333 3573 Id.
345 3523 362 3571 Ι.
374 3526 397 3570 1.
408 3522 477 3570 llaec.
488 3538 510 3570 c.
521 3524 562 3569 33.
574 3519 681 3569 Africani
697 3521 777 3570 fratris
787 3535 862 3585 nepos
872 3522 924 3570 vita
933 3523 1038 3571 omnium
1051 3523 1195 3586 perditonem
1206 3525 1244 3573 ita

144 3591 239 3648 similis,
249 3597 275 3639 ut
284 3595 348 3637 esset
357 3586 429 3635 facile
440 3585 588 3634 deterrimus.

583 3703 597 3728 '
608 3705 632 3750 3.
651 3702 799 3760 Nonfccilc.

181 3785 232 3833 Cic.
243 3784 268 3831 in
281 3784 355 3832 Brut.
367 3797 389 3829 c.
401 3786 441 3830 67.
454 3780 512 3828 Erat
523 3782 549 3828 in
559 3781 710 3829 inveniendis
725 3781 942 3843 componendisque
959 3781 1028 3830 rebus
1038 3783 1099 3830 mira
1109 3781 1242 3838 accuratio,

145 3855 171 3895 ot
181 3864 230 3895 non
240 3848 309 3895 facile
321 3847 345 3894 in
356 3847 406 3893 ullo
416 3844 589 3909 diligentiorem
601 3845 760 3908 majoremque
770 3846 930 3907 cognoverim.

176 4055 198 4089 ¹⁹
209 4054 351 4112 Aliisfaclle
360 4055 454 4102 videtur
465 4055 597 4117 significare
608 4054 699 4102 nemine
707 4068 846 4115 magnopere
856 4057 1008 4109 reclamante,
1020 4070 1067 4103 noa
1076 4056 1146 4102 valde
1157 4055 1243 4111 dulia·

145 4119 257 4182 Anglice.
268 4118 328 4165 wite
337 4133 393 4180 very
404 4119 467 4167 little
477 4117 556 4174 doubt,
569 4117 730 4177 notsorsrom
741 4118 819 4178 imag,
841 4121 894 4165 well
905 4119 973 4178 nigl,
989 4120 1067 4166 about.
1086 4118 1150 4164 Nam
1162 4133 1240 4180 quum

121 4199 184 4249 ‘non
194 4184 315 4230 audemus
323 4182 487 4245 prlncipatum
501 4181 600 4246 alicujus
610 4181 643 4228 rei
659 4181 762 4229 tribuere
771 4183 843 4230 alicui
858 4197 970 4243 personae,
982 4183 1020 4228 eui
1031 4184 1110 4228 solent
1128 4182 1171 4229 alii
1181 4197 1240 4229 eum

121 4247 262 4295 vindicare:
279 4253 331 4292 tom
348 4261 392 4293 nos
411 4247 525 4306 dicimus,
542 4248 650 4300 thebert
668 4263 724 4297 moa
742 4261 768 4294 or
785 4245 942 4297 tlsereobouts.
963 4245 1042 4306 Atque
1057 4247 1112 4294 nuic
1128 4246 1239 4297 formulae

104 4310 247 4374 respondet
256 4310 474 4372 Latinumsocile.
1078 4348 1080 4352 -

142 4574 265 4596 A.
