2670 4636
106 262 262 339 1111616]
457 263 513 324 DE
545 248 784 330 PARTlCULIS
804 271 862 322 ete.
1143 262 1201 323 307

506 406 534 436 '¹
546 411 585 456 10.
604 410 734 471 Propterea
743 410 807 472 quio·
842 462 848 469 ,

144 486 172 534 S'.
182 485 215 533 D.
223 486 252 534 P.
266 485 318 534 css.
327 487 376 537 12.
386 488 414 535 de
426 487 512 537 Dicin.
523 502 545 536 c.
557 490 597 536 22.
615 488 690 535 Mulae
705 495 785 551 partus
799 488 906 551 prolatus
915 496 954 535 est
964 502 978 534 a
989 495 1023 543 te,
1034 502 1073 535 res
1088 486 1201 534 mirabilis

109 559 247 613 propterea,
259 552 371 612 quianon
383 567 446 614 saepe
457 552 492 600 fit.
518 550 604 598 'Add.
614 553 631 599 l.
641 556 666 600 4.
682 553 752 603 Fam.
763 569 799 616 ep.
810 558 834 603 6.
851 561 876 601 et
892 552 908 601 l.
921 556 959 602 1⁰.
971 567 1007 615 ep.
1018 556 1058 601 33.
1075 552 1126 599 etl.
1136 557 1160 602 l.
1172 555 1201 601 de
1256 584 1259 590 -

112 615 201 665 Diuin-
211 632 233 664 c.
246 620 284 665 16.
294 617 346 664 etl.
358 621 381 666 1.
393 618 421 664 de
433 617 490 664 Fin.
502 632 523 663 c.
535 619 575 664 16.
995 637 998 642 -

341 711 367 737 “
378 718 416 762 11.
433 714 706 776 Propterea-quonium
715 729 764 761 non
774 712 969 762 imitandumest.

145 792 170 839 S.
179 792 213 841 D.
226 794 318 842 Gellius
325 791 342 838 l.
351 797 375 841 6.
386 809 407 840 c.
417 796 441 840 2.
458 793 588 855 Propterea
597 795 697 855 palmam
706 793 861 855 signumesse
869 794 960 856 placuit
967 792 1080 850 victorie,
1092 792 1200 856 quonium
1232 846 1235 855 .

108 856 236 918 ingenium
245 857 364 929 ejusmodi
374 857 432 920 ligni
443 866 489 921 est,
499 869 526 905 ut
537 858 673 919 urgentibus
682 873 730 904 nou
740 859 819 906 cedat.
852 859 920 921 Splv.
931 859 947 905 l.
959 863 982 906 3.
990 873 1073 921 progr.
1081 863 1124 907 96.

554 1026 666 1075 CAPUT
694 1024 760 1077 CCI.

458 1142 504 1199 De
518 1141 665 1199 Aduerbio
680 1140 863 1200 Pnorrnus.

194 1269 209 1300 ⁵
222 1274 245 1318 1.
253 1270 371 1319 Protinus
380 1285 424 1333 pro
434 1275 490 1318 unte
500 1270 539 1316 vel
545 1284 616 1332 porro
624 1285 634 1325 ,·
643 1269 763 1327 forwurd,
774 1270 963 1331 rigitsurwurd
974 1272 1076 1326 66161111,
1087 1285 1125 1319 on.

145 1349 283 1396 Pitumnus
301 1350 392 1397 dictum
403 1347 498 1397 videtur
516 1350 582 1410 quasi
592 1364 662 1409 porro
679 1356 797 1405 16111661
813 1349 932 1412 significat
948 1355 1010 1399 unte·
1045 1352 1203 1401 01611116

112 1414 199 1463 Dicin.
217 1430 239 1461 c.
250 1418 289 1462 24.
316 1414 382 1461 Deus
392 1415 507 1477 praecepit
518 1413 656 1468 Hannibali.
675 1423 703 1460 ut
719 1423 829 1478 pergeret
846 1415 968 1476 protinus:
987 1414 1043 1476 quid
1058 1423 1121 1462 retro
1131 1423 1203 1477 atque

108 1478 473 1540 atergofieret‚nelaboraret.
506 1478 544 1526 Id.
557 1479 611 1526 13.
623 1478 689 1527 Fam.
701 1494 737 1542 cp.
748 1484 772 1527 6.
800 1479 972 1527 Clodiusame
983 1479 1069 1541 petivit
1082 1479 1202 1542 compre,

110 1540 294 1590 utLeodiceam
304 1542 486 1606 protinusirem.
518 1544 557 1591 Id.
568 1544 586 1590 l.
597 1544 637 1592 ll.
648 1542 702 1592 Art.
714 1559 749 1606 cp.
760 1546 800 1593 23.
811 1542 864 1591 nis.
876 1544 893 1589 l.
903 1548 928 1592 9.
939 1559 960 1590 c.
970 1547 994 1590 2.
1006 1543 1057 1589 etl.
1068 1546 1109 1592 23.
1121 1547 1194 1592 c.18.
1271 1550 1272 1554 ’

362 1639 378 1668 ”
388 1645 411 1688 2.
428 1639 546 1687 Protinus
559 1654 575 1686 o
590 1653 632 1701 pro
643 1639 727 1688 statim
736 1654 751 1687 o
761 1638 803 1686 vix
813 1637 960 1687 imitandum.

148 1720 232 1768 &usn
239 1719 257 1767 1.
267 1723 292 1767 3.
302 1736 324 1768 c.
336 1724 360 1769 9.
374 1720 463 1782 Neque
473 1719 529 1766 ideo
538 1726 618 1766 tarnen
629 1726 720 1766 nonest
728 1719 1037 1776 temerariaistnmedioiua,
1049 1720 1107 1783 quia
1114 1722 1203 1784 plures,

109 1783 136 1832 si
150 1783 258 1846 protinus
275 1783 425 1847 aprincipiis
447 1784 548 1846 excepit,
565 1783 695 1831 interemit.
728 1785 767 1832 ld.
784 1784 801 1830 l.
812 1789 835 1832 7.
852 1799 874 1831 c.
885 1789 911 1833 8.
937 1784 1004 1832 Solet
1021 1785 1116 1833 evenire
1133 1787 1173 1833 vel
1190 1802 1205 1833 a

102 1849 193 1911 prima
203 1849 278 1896 natali
287 1849 329 1896 die
338 1848 454 1910 protinus,
465 1849 504 1895 vel
512 1855 595 1910 postea
606 1849 670 1909 lacte
676 1848 860 1896 exulceratione.
891 1849 955 1898 11111.
966 1867 988 1898 c.
1000 1853 1138 1900 26666111.
1149 1852 1206 1900 cole.

110 1915 188 1962 enula
222 1913 253 1961 ld
263 1914 373 1976 protinus
388 1913 413 1960 in
423 1912 617 1960 imbecillioribus
628 1914 657 1960 ab
667 1913 722 1976 ipsa
731 1913 853 1962 curatione
863 1914 1002 1962 laciendum
1011 1921 1057 1962 est.

353 2011 367 2040 ¹
376 2016 400 2060 3.
415 2011 533 2060 Protinus
547 2025 668 2074 quumpro
679 2012 797 2068 1111111111,
813 2011 863 2058 noli
873 2012 970 2061 imitari.
1168 2059 1172 2067 ,

133 2082 135 2087 ,
147 2093 217 2141 Plin.
229 2092 246 2140 l.
254 2096 294 2141 16.
306 2108 328 2140 c.
339 2096 378 2141 17.
396 2091 508 2149 Quidem,
518 2098 543 2139 ut
553 2093 595 2138 has
603 2107 661 2139 uvas
672 2091 770 2149 faciant,
781 2093 807 2139 in
817 2092 895 2141 cinere
905 2093 978 2140 lixivo
985 2094 1082 2154 tingunt
1090 2090 1218 2162 protinus,'

109 2171 184 2221 quam
193 2158 316 2205 detraxere
324 2157 413 2204 ritibus
422 2174 430 2215 ;
446 2171 503 2204 mox
511 2157 535 2202 in
547 2158 597 2204 sole
608 2157 700 2204 siccant
712 2173 717 2202 ε
735 2163 786 2203 tum
795 2157 859 2205 foliis
868 2157 988 2206 involutas
997 2158 1100 2207 vinaceis
1110 2158 1206 2224 stipant.

407 2255 422 2284 ⁴·
433 2259 458 2304 4.
474 2255 591 2323 Protinus
600 2261 628 2305 ut
641 2269 685 2319 pro
695 2253 779 2304 statim
789 2255 861 2304 simul
873 2262 907 2304 ut.

148 2351 233 2401 Genus
241 2350 258 2398 l.
267 2355 292 2400 3.
303 2367 326 2399 c.
334 2356 359 2400 6.
381 2351 456 2400 Ρ61111
466 2351 555 2401 medici
572 2360 618 2408 est,
635 2367 684 2400 non
699 2351 807 2415 protinus
823 2361 848 2400 ut
864 2353 938 2409 veuit,
949 2354 1126 2417 apprehendere
1136 2370 1207 2403 mann

112 2416 246 2464 nichium.
279 2418 318 2465 Id.
333 2416 384 2466 16.
403 2433 425 2465 c.
437 2422 478 2466 26.
494 2420 524 2465 de
535 2419 621 2466 ration
632 2419 710 2465 uictus
719 2423 744 2465 et
756 2423 805 2465 not.
816 2419 881 2466 culn.
914 2419 1025 2467 Vomitus
1041 2419 1141 2467 biliosus
1158 2434 1207 2468 non

112 2481 269 2546 voluntarius,
279 2484 318 2528 vel
329 2480 438 2544 protinus
448 2489 476 2529 ut
485 2497 613 2544 percussus
624 2490 660 2528 est
671 2482 767 2544 aliquis,
778 2483 816 2529 vel
827 2482 884 2530 dum
894 2483 1048 2531 inflammatio
1056 2491 1145 2542 manet,
1156 2499 1206 2533 rna·
1271 2502 1274 2507 ’

111 2546 165 2594 lum
172 2545 267 2612 signum
277 2552 323 2594 est.
360 2546 439 2595 Voles.
447 2547 519 2595 Max.
531 2547 548 2592 l.
558 2550 581 2593 6.
592 2563 615 2594 6.
626 2555 650 2592 61
660 2560 686 2593 n.
696 2550 721 2594 4.

532 2643 546 2672 *
558 2648 582 2692 6.
600 2643 725 2700 Protinus,
735 2658 795 2692 cuns
998 2713 1000 2717 .
1219 2704 1222 2709 Ι

147 2724 218 2773 Prin.
228 2725 245 2770 1.
257 2726 296 2772 18.
307 2740 329 2773 c.
340 2729 381 2774 17.
397 2724 471 2772 Venti
482 2723 557 2772 tribus
568 2723 715 2786 temporibus
724 2730 812 2771 nocent
822 2723 938 2772 frumento
950 2731 974 2771 et
984 2724 1071 2771 hordeo
1081 2741 1088 2784 ς
1104 2724 1129 2770 in
1141 2725 1206 2783 flore,

112 2797 156 2837 sut
166 2789 275 2852 protinus
286 2805 339 2837 cunr
352 2789 489 2844 defloruere,
506 2790 543 2836 rel
554 2795 710 2836 maturescere
721 2787 897 2850 incipientibus.

505 2885 520 2914 ⁴¹
532 2890 557 2933 6.
574 2885 787 2934 Protinus-onte.

147 2966 233 3015 Celsae
249 2966 266 3013 1.
278 2969 302 3012 6.
319 2971 391 3015 626.
411 2969 440 3014 de
458 2972 534 3016 curat.
549 2980 640 3027 gangr.
673 2964 771 3027 Optime
790 2966 910 3013 srstculum
927 2965 1008 3012 educit
1025 2965 1208 3030 superimposita

111 3029 239 3144 ffidgis
249 3030 325 3086 rodis,
345 3031 367 3078 si
385 3042 468 3079 tenere
482 3041 525 3087 est,
545 3031 653 3094 protinus
672 3031 789 3131 contrita:
815 3030 836 3076 si
846 3030 897 3093 jam
915 3029 1001 3085 durior,
1013 3035 1068 3078 unte
1084 3031 1206 3124 innmulso

363 3175 378 3206 ⁵
388 3180 413 3226 6.
430 3177 670 3241 Protinus-posteo.
704 3140 957 3226 Protinus-tordius.

150 3248 234 3307 cebro
243 3257 262 3304 l.
272 3260 297 3306 7.
308 3271 329 3305 c.
340 3260 364 3305 8.
391 3257 459 3304 Solet
478 3257 573 3306 evenire
592 3257 630 3305 vel
649 3256 753 3319 aprima
771 3256 846 3304 natali
865 3254 904 3305 die
925 3257 1041 3320 protinus,
1061 3260 1099 3307 vel
1116 3265 1206 3320 postea·

55 3336 57 3342 ’
114 3319 185 3370 Plin.
196 3322 214 3367 l.
224 3325 264 3371 16.
277 3337 299 3369 c.
309 3326 350 3372 26.
367 3320 512 3385 concipiunt
522 3322 592 3370 variis
602 3322 695 3380 diebus,
706 3328 732 3369 61
741 3336 785 3384 pro
795 3337 839 3369 sue
848 3335 949 3385 quaeqne
959 3329 1051 3373 nature.
1084 3323 1142 3372 Alia
1152 3339 1206 3388 pro·

65 3416 70 3421 -
112 3386 190 3450 tinus,
200 3394 228 3433 ut
237 3385 359 3443 animalia,
376 3386 464 3434 tardius
474 3387 563 3453 alique,
573 3394 599 3434 et
609 3387 699 3435 diutius
707 3385 806 3448 gravida
816 3394 897 3450 partus
906 3396 1001 3450 gerunt.

376 3481 388 3506 ⁰
400 3487 424 3530 8.
444 3483 559 3531 Protinus
569 3489 624 3545 post
636 3484 754 3532 ablativos
764 3485 950 3546 consequentias.

149 3564 213 3613 Cels.
223 3563 241 3614 l.
252 3568 276 3612 3.
288 3578 310 3611 c.
322 3567 361 3615 18.
377 3563 494 3626 Desipere
514 3563 650 3625 plerumque
670 3564 743 3610 breve
763 3579 817 3611 esse
831 3565 964 3622 consuevit,
982 3565 1108 3628 levatoque
1126 3581 1205 3615 acces·

113 3627 192 3677 sionis
205 3629 304 3692 impetu,
312 3628 421 3691 protinus
431 3643 499 3676 mens
509 3627 578 3674 redit.

555 3787 667 3837 CAPUT
693 3786 775 3836 CCII.

465 3904 515 3963 De
529 3884 651 3961 Pnour'
663 3911 693 3960 et
716 3902 864 3962 Puncna.

149 4035 164 4098 §
175 4033 199 4082 1.
215 4033 309 4082 Peour
320 4032 375 4082 vide
386 4047 457 4096 supra
466 4033 493 4079 in
506 4032 563 4082 Pro.

294 4162 355 4227 §IL
372 4166 395 4211 l.
411 4162 499 4211 Pulcre
510 4160 604 4223 proprie
621 4167 659 4208 est
667 4161 755 4227 finely‚
773 4161 932 4223 boumomely,
942 4161 1030 4223 neotly.
1110 4204 1117 4225 ¹

110 4267 113 4271 ·
148 4243 247 4293 Deinde
262 4243 359 4306 punitur
374 4243 551 4305 propraetore.
587 4242 639 4291 Cic.
650 4243 669 4291 l.
682 4241 706 4292 1.
718 4242 790 4292 Foru.
801 4257 837 4308 ep.
848 4246 875 4294 1.
888 4239 955 4290 Curu
964 4241 996 4291 in
1010 4241 1227 4304 8616111661-

106 4309 304 4356 :insereremus
320 4322 365 4356 our
374 4306 451 4369 fflir
459 4310 530 4358 stood
538 4308 566 4359 in
576 4325 592 4361 a
602 4324 661 4376 very
672 4311 856 4374 adeuntugcons
866 4315 980 4376 pestere.
