2670 4636
193 254 252 324 sss
295 302 299 306 Α
443 295 446 301 -
524 234 700 349 nostin
724 252 964 319 rorsnntrtrr
1196 250 1274 339 [sor

188 412 289 486 priests
303 407 425 459 lberam
441 400 836 468 bmcmmmtsstosta
852 402 1003 465 morsis
1017 401 1277 456 marimum

117 473 121 481 '
190 475 318 542 offlprtttg.

306 553 311 570 '
571 565 710 616 *sessu
720 565 891 617 ΗΜ...
1266 634 1270 639 ¹

227 651 302 702 Van
310 650 343 698 R.
354 649 387 698 R.
398 649 416 696 l.
427 649 452 695 2.
462 661 484 695 c.
494 651 519 697 0.
544 645 601 694 Non
611 645 632 693 si
644 661 756 694 rnuroenae
766 646 861 710 optimo
872 648 937 696 flutra
947 655 1003 715 rust
1014 649 1041 697 in
1054 646 1145 706 Sicilia,
1159 655 1186 698 at
1202 647 1273 714 ellops
1291 693 1296 704 ,

187 715 219 766 sd
232 714 344 772 Rhodon,
361 712 475 763 continuo
491 711 517 759 hi
526 710 604 776 pisces
614 710 640 758 in
650 711 714 761 ontni
724 712 783 760 mari
795 712 885 761 sititilss
894 722 1031 762 noscuntur.

586 822 599 847 ‘
609 828 651 875 26.
670 825 726 874 Nou
737 826 871 876 si-etinm.

220 911 271 961 Cic.
280 924 324 974 prs
334 908 420 970 Ligur.
430 922 453 956 c.
463 908 488 955 8.
504 903 560 954 Non
571 904 591 952 si
607 904 651 954 tibi
661 921 690 954 ar
699 921 738 954 res
749 913 815 970 grata
828 906 922 965 inisset,
932 913 995 956 esset
1003 906 1076 957 stiunt
1086 908 1197 973 probata.

645 1019 660 1049 '
671 1019 817 1069 Admonitio.

217 1105 243 1153 N
244 1119 275 1152 on
285 1101 377 1160 dubito,
388 1101 446 1166 quin
456 1100 579 1166 particulis
590 1114 638 1148 nott
651 1100 674 1148 rt'
690 1100 777 1164 subjici
794 1101 870 1165 possit
885 1116 982 1166 qaoque,
998 1101 1194 1167 qnandoquidem
1202 1103 1271 1153 etim

183 1168 298 1234 subjicere
308 1164 373 1215 licet.
406 1166 498 1230 Atque,
504 1172 532 1213 ut
542 1180 573 1212 ex
583 1163 660 1212 allstis
668 1165 783 1229 exemplis
790 1175 897 1229 apparet,
904 1167 1028 1230 particulis
1034 1168 1094 1223 ideo,
1106 1183 1133 1217 eo
1144 1175 1169 1216 et
1178 1169 1273 1232 reliquis

179 1233 281 1298 adjungi
291 1239 369 1295 potest
375 1232 413 1279 rel
421 1236 492 1280 etium
504 1231 540 1278 rel
548 1245 644 1292 quoque.
659 1228 713 1277 Nec
724 1245 780 1277 reno
789 1232 864 1279 solum
873 1237 1005 1294 propiores,
1015 1232 1114 1298 idcirco,
1121 1247 1158 1289 eo,
1165 1234 1270 1283 rotatim

183 1300 297 1361 subsequi
308 1297 386 1344 solent
396 1295 523 1359 particulas
532 1310 579 1343 non
589 1296 620 1358 ss',
638 1294 760 1342 sedetiam
771 1296 903 1357 confestim,
916 1299 1034 1359 protinas,
1045 1297 1074 1346 ob
1084 1313 1136 1346 coss
1146 1313 1239 1347 muscis
1248 1302 1271 1345 st

178 1363 280 1410 =lortssss
297 1362 385 1424 plures,
406 1359 462 1424 quis
474 1358 565 1408 eusdem
584 1359 712 1423 porticulus
729 1373 771 1408 rtet
787 1361 810 1409 si
825 1369 965 1424 sequuntur.
984 1361 1037 1411 Nec
1054 1362 1076 1410 si
1093 1362 1157 1410 eninr
1174 1370 1211 1410 est
1227 1377 1271 1412 sna

71 1453 79 1475 ι
182 1427 301 1482 1117770777,
316 1426 355 1474 rel
365 1431 390 1474 ct
399 1425 486 1474 7701777.
517 1425 583 1486 Lege
595 1425 647 1472 Nec
657 1425 687 1472 si.
1130 1436 1140 1449 ·

447 1543 489 1589 27.
506 1539 562 1588 Nos
572 1537 664 1596 ὀίω-η
676 1539 732 1598 sed,
748 1553 795 1588 nott
804 1530 922 1604 stiffi,
933 1539 999 1589 sed.⁸

216 1623 268 1671 Cic.
278 1623 295 1669 l.
307 1625 345 1670 11.
357 1621 426 1670 Fam.
436 1636 471 1684 ep.
483 1625 523 1669 17.
541 1619 632 1682 Magus
643 1631 699 1668 sunt
709 1619 760 1683 ejus
770 1618 797 1666 in
806 1635 855 1674 me,
874 1635 921 1666 non
932 1619 996 1676 dico,
1014 1619 1099 1678 officia,
1117 1621 1162 1670 aed
1178 1623 1275 1674 merim,

179 1685 193 1712 ⁰
205 1687 270 1735 Add.
285 1688 303 1735 1.
311 1691 336 1736 3.
348 1688 377 1734 dc
391 1685 442 1748 Off.
455 1700 478 1733 c.
488 1689 514 1735 8.
529 1691 554 1732 et
564 1684 580 1731 Ι.
591 1688 616 1732 7.
630 1685 686 1734 Art.
696 1699 732 1748 ep.
743 1689 766 1734 3.
785 1685 835 1733 Pro
847 1685 917 1734 Sext.
927 1689 1003 1743 ο.,20.
1035 1685 1270 1749 Depugnarantcurn

176 1766 280 1813 summo,
291 1767 339 1799 non
351 1750 427 1798 dicuni
436 1749 519 1805 exitio,
531 1749 572 1796 sed
584 1748 690 1811 periculo
701 1756 765 1797 certa
775 1751 871 1796 restrol
888 1750 904 1796 Ι.
916 1755 940 1798 7.
951 1749 1006 1799 Δ77.
1015 1765 1052 1811 ep.
1064 1754 1087 1799 3.
1103 1751 1190 1808 Quinti
1197 1753 1271 1802 fratris

179 1816 263 1865 donnus
271 1817 414 1864 inflammato
421 1816 490 1878 jussu
500 1812 590 1870 Clodii,
601 1828 687 1875 magna
697 1813 795 1876 querela
805 1821 830 1860 et
839 1813 938 1875 gemitu,
949 1829 997 1860 non
1008 1813 1085 1862 dicam
1096 1815 1218 1874 bonomrn,
1229 1818 1271 1867 sed

177 1882 249 1944 plone
260 1881 379 1928 hominum
391 1879 504 1926 omnium.
521 1880 559 1926 Μ.
566 1883 622 1940 post
632 1878 694 1926 ΕΜ.
705 1879 731 1925 itt
743 1878 799 1926 Seri.
809 1893 831 1925 c.
844 1882 866 1925 t.
883 1877 944 1933 Quis
954 1880 1029 1940 possit
1044 1889 1122 1928 vestro
1137 1883 1269 1944 promerita,

178 1961 228 1994 non
244 1946 329 2001 dicsrn,
346 1943 472 2006 complecti
487 1944 586 1998 orando,
604 1941 647 1989 sed
668 1956 805 2004 percensere
820 1941 983 1990 numerando?
1017 1944 1057 1992 Μ.
1073 1943 1091 1991 l.
1104 1949 1144 1994 10.
1160 1951 1215 1996 Art.
1235 1963 1270 2010 ep.

152 2009 155 2016 “
175 2011 268 2074 penult.
283 2009 377 2057 Esnon
391 2007 469 2055 dicam
478 2007 626 2069 comprobes,
641 2005 684 2054 sed
698 2005 804 2054 studiose
814 2005 961 2070 libenterque
972 2009 1118 2075 comprobes.
1154 2010 1169 2040 ⁶
1179 2012 1271 2076 Idpro

178 2076 258 2124 Marc.
268 2091 290 2123 c.
299 2078 323 2122 2.
339 2083 365 2121 et
373 2088 417 2136 pro
428 2073 485 2121 Dei.
497 2087 519 2120 c.
531 2075 555 2120 2.

397 2185 461 2234 *bb
478 2185 535 2233 Nos
550 2184 700 2234 dicam-sed
714 2191 795 2242 certe,·
810 2201 856 2235 sorr
873 2185 1047 2236 diro—seram.
1074 2215 1079 2220 -

212 2267 263 2315 Cic.
273 2281 315 2328 pro
323 2266 408 2315 Plunc.
416 2280 438 2312 c.
449 2266 489 2313 32.
505 2263 555 2320 Qui
566 2263 663 2326 quidem
671 2263 744 2312 etism
754 2264 831 2328 magis
842 2280 904 2320 sum,
914 2280 964 2312 non
971 2266 1049 2314 dicam
1060 2267 1140 2324 miser,
1151 2268 1195 2317 ssd
1204 2276 1268 2318 terta

176 2329 303 2380 exercitus.
337 2331 369 2379 In
380 2331 433 2379 Pir.
445 2344 466 2376 c.
479 2332 518 2376 10.
535 2328 601 2376 Ciris
618 2330 688 2376 armis
708 2329 848 2393 pellebatur,
867 2345 915 2376 non
935 2330 1014 2379 dicam
1026 2331 1115 2380 suxilio
1128 2341 1217 2389 restro,
1227 2335 1269 2382 ssd

176 2403 240 2443 certe
250 2394 353 2443 silentio.
385 2395 435 2443 Pro
446 2394 535 2442 Coecin.
547 2408 569 2442 c.
582 2396 621 2442 13.
638 2393 734 2441 Novum
744 2399 788 2448 est,
800 2409 847 2441 non
857 2394 912 2442 dico
922 2394 1071 2452 inusitatum,
1083 2398 1268 2447 rerumontnino

174 2459 316 2508 inauditum.
349 2465 364 2509 Β
376 2459 480 2521 Ptittpp.
491 2474 513 2508 c.
526 2460 565 2506 10.
581 2457 640 2505 Hoec
649 2466 675 2506 tu
687 2456 805 2516 mundate,
814 2459 881 2515 Piso,
891 2474 939 2508 non
949 2459 1002 2509 dico
1014 2462 1092 2509 animo
1108 2464 1177 2520 isrre,
1188 2476 1268 2513 serum

93 2560 97 2573 .
171 2525 271 2573 auribus
282 2523 391 2588 accipere
401 2522 511 2587 potuisti.

251 2643 292 2690 29.
310 2639 366 2688 Non
376 2638 506 2702 quis-sed
516 2652 559 2701 pro
567 2652 613 2685 nort
624 2639 685 2699 qaod
695 2640 815 2687 non-sed
824 2640 902 2701 quod3
913 2654 961 2688 nott
970 2640 1102 2703 quis-red
1112 2647 1200 2692 tasoes

210 2721 262 2770 Cic.
276 2720 295 2767 l.
306 2723 345 2768 10.
358 2719 426 2768 Fum-
441 2734 478 2782 ep.
493 2721 533 2768 24.
559 2716 616 2765 Non
635 2718 693 2780 quin
713 2719 858 2766 confiderem
880 2718 1008 2782 diligentins
1029 2728 1086 2777 tuoe,
1107 2723 1151 2770 sed
1167 2723 1210 2771 'rei
1229 2738 1268 2772 ms

173 2784 311 2848 magnitudo
321 2783 438 2832 movebat.
455 2789 496 2832 not
508 2784 560 2832 thot
570 2784 587 2832 1
595 2784 678 2833 should
687 2789 729 2832 not
745 2785 883 2845 twegrent
892 2785 1024 2850 confidente
1034 2787 1060 2834 iu
1070 2789 1267 2848 porrexerim,

172 2851 224 2907 but,
238 2856 279 2915 dyc.
311 2850 349 2898 Μ.
364 2851 412 2906 Qn.
424 2850 495 2898 Fr.l.
507 2854 578 2909 ote'p.
591 2853 614 2896 1.
638 2848 695 2895 Non
707 2848 765 2911 quin
781 2850 872 2912 possint
888 2850 960 2896 multi
976 2864 1028 2898 ease
1046 2851 1205 2915 provinciales
1223 2853 1268 2900 riri

174 2915 239 2971 boni,
248 2915 291 2963 sed
298 2915 345 2962 hoc
355 2928 448 2976 sperare
456 2913 521 2969 licet,
526 2912 632 2977 judicare
643 2915 802 2976 periculosum
814 2921 858 2960 est.
871 2912 955 2961 ‘Add
967 2916 1006 2963 Μ.
1017 2915 1033 2962 Ι.
1044 2920 1083 2964 13.
1096 2917 1166 2966 Fam.
1177 2933 1214 2981 ep.
1227 2921 1267 2968 17.

174 2987 200 3027 et
213 2982 283 3028 Orat.
294 2981 364 3028 odil.
375 2979 390 3008 ’
401 2979 439 3028 Μ.
450 2979 468 3024 l.
479 2982 501 3026 1.
512 2981 541 3026 de
555 2978 625 3026 Orat.
638 2993 660 3026 c.
671 2983 710 3027 72.
721 2986 781 3025 extr.
798 2978 855 3025 Non
863 2978 920 3042 quin
930 2979 1070 3027 enitendum
1076 2978 1109 3028 sit
1118 2981 1145 3028 in
1155 2991 1267 3046 auoque,

85 3082 92 3089 .
171 3045 216 3093 sed
226 3052 306 3092 tantur
317 3042 390 3090 multo
401 3053 438 3091 est
446 3040 538 3106 turpius
549 3042 636 3091 orstori
645 3043 753 3090 nocuisse
767 3041 842 3089 rideri
852 3058 937 3099 csusae,
948 3059 1019 3107 quarn
1028 3059 1076 3092 non
1088 3045 1215 3109 proluisse.

463 3158 502 3202 30.
520 3155 576 3203 Non
592 3154 722 3216 quin-red
733 3153 789 3218 quin
799 3155 837 3202 vel
846 3157 887 3202 sed
896 3157 966 3218 quod.

210 3236 260 3284 Cic.
271 3235 288 3281 l.
299 3239 323 3282 7.
338 3234 393 3284 Art.
405 3249 440 3296 ep.
450 3236 495 3281 ult.
521 3233 573 3296 Ego
589 3249 628 3280 me
647 3233 732 3279 ducem
750 3232 856 3280 incivili
872 3233 935 3281 bello
950 3236 1037 3298 negari
1055 3249 1116 3293 esse,
1138 3252 1187 3286 non
1208 3238 1268 3304 quin

173 3309 266 3349 rectum
284 3307 355 3356 esset,
370 3299 414 3346 sed
424 3299 481 3361 qnia
497 3298 561 3361 quod
579 3298 656 3344 multo
668 3296 755 3344 rectius
770 3296 825 3356 t‘uit,
835 3299 859 3344 id
871 3299 928 3345 mihi
945 3300 1051 3349 fraudem
1066 3302 1130 3350 tulit.
1162 3305 1203 3352 Id.
1214 3305 1233 3353 l,
1244 3309 1268 3353 4,

173 3381 208 3428 sp.
220 3370 243 3414 7.
264 3364 318 3411 Non
329 3363 386 3427 quin
397 3365 426 3411 nb
434 3379 463 3410 so
474 3362 619 3417 dissentiam,
628 3361 670 3409 aed
680 3362 743 3424 quod
753 3376 782 3409 ea
790 3371 814 3408 ts
822 3363 938 3425 sapientis
950 3380 1002 3412 esse
1009 3366 1126 3429 judicem,
1136 3375 1219 3418 utcct.
1228 3374 1270 3419 sot

173 3432 227 3480 tlrnt
237 3430 254 3478 1
262 3431 343 3479 slsould
354 3435 395 3478 not
405 3429 433 3477 be
443 3429 493 3489 ofn
503 3427 617 3492 different
625 3428 729 3488 opinion,
748 3427 788 3476 lmt
799 3428 852 3477 litut
865 3429 880 3477 l
894 3429 948 3479 bold
964 3446 1024 3494 your
1034 3431 1164 3493 jndgment
1173 3435 1199 3484 is
1210 3433 1268 3484 ml,

172 3496 232 3558 tiso
246 3495 388 3559 estimationi,
399 3497 440 3558 dr.
473 3494 573 3543 Sallust.
587 3492 685 3541 Catilio.
697 3507 718 3539 c.
730 3495 769 3540 34.

557 3605 572 3635 “
583 3609 622 3655 31.
640 3607 697 3655 Non
707 3606 838 3671 quin—sed
848 3613 883 3656 at.

205 3691 260 3747 Lis.
271 3692 288 3743 l,
298 3696 322 3741 7.
333 3706 354 3739 c.
366 3694 404 3738 ts.
421 3689 477 3738 Non
497 3688 555 3752 quin
572 3688 672 3735 breviter
690 3687 758 3735 reddi
774 3703 913 3752 responsum
925 3689 1035 3753 potuerit,
1045 3705 1093 3738 non
1105 3692 1180 3757 recipi
1189 3709 1269 3759 rages,

170 3753 228 3811 ideo
244 3757 324 3819 potius
339 3755 443 3804 delectos
454 3755 551 3801 Pstrum
563 3755 592 3800 sd
605 3769 660 3800 eum
670 3752 764 3808 missos,
773 3768 844 3815 quum
855 3753 939 3815 legaris
950 3755 1004 3819 ejus
1018 3754 1103 3802 Romae
1118 3759 1216 3806 daretur
1232 3776 1270 3808 re·

172 3835 299 3883 sponsum:
316 3821 394 3869 aedut
403 3820 429 3868 in
444 3826 586 3887 perpetuum
602 3818 691 3866 mentio
703 3818 756 3881 ejus
767 3818 801 3866 rei
818 3818 934 3866 finiretur.
950 3826 991 3869 not
1001 3820 1042 3869 bul
1054 3823 1107 3870 titul
1118 3823 1139 3870 tt
1150 3824 1230 3886 might
1242 3825 1270 3874 be

208 4059 230 4123 [⁰
246 4061 303 4108 Non
314 4060 450 4108 Latinorum
462 4078 525 4126 saepe
536 4063 571 4112 ibi
579 4062 683 4126 ponitur,
691 4062 731 4109 ubi
743 4062 817 4125 Angli
827 4070 920 4127 ponunt
929 4079 967 4112 rto.
986 4066 1037 4113 Cic.
1045 4080 1089 4128 pro
1103 4066 1199 4116 Cluenti.
1208 4083 1232 4118 c.
1244 4075 1270 4118 5.

172 4123 208 4177 ,Ul
222 4131 320 4172 mstrem
328 4141 377 4172 non
387 4127 471 4188 pudor,
486 4143 533 4175 non
545 4128 668 4191 pudicitia,
682 4141 730 4175 non
742 4129 827 4190 pietas,
839 4141 887 4174 non
897 4129 990 4176 macula
999 4129 1118 4178 familiaes
1132 4132 1270 4195 cupiditate

168 4197 298 4238 revocaret.
316 4190 367 4238 stat
378 4191 478 4253 nothing
493 4194 561 4241 could
571 4198 627 4240 tarn
641 4192 680 4240 tlte
691 4198 782 4241 metron
793 4193 859 4241 aride
866 4192 934 4251 from
945 4196 992 4242 llis
1000 4197 1134 4257 portionale
1144 4198 1270 4255 desire,-

157 4268 191 4302 no
200 4255 290 4316 chame,
302 4270 335 4306 no
345 4257 460 4324 modestp,
468 4273 501 4308 no
512 4258 629 4312 mutemul
644 4255 766 4325 affection,
775 4272 806 4308 rto
813 4257 866 4319 leur
875 4258 901 4319 os
910 4259 1024 4320 intuitisg
1034 4261 1141 4322 discrete
1150 4276 1215 4325 oport
1226 4265 1273 4318 her

134 4317 260 4391 Μ’]
