2670 4636
125 271 183 330 ³22
452 263 623 325 HORATII
651 256 1222 346 ’1111181111111115555555555555

525 414 539 443 '
551 419 592 464 23.
611 415 817 478 Quantumque.

166 498 217 547 Cia.
226 497 244 545 l.
254 501 295 546 15.
305 496 373 549 Fam.
383 510 419 559 ep.
430 500 453 545 1.
471 495 549 558 Regis
558 496 669 545 Deiotari
679 496 767 559 copies,
778 502 967 561 quantacunque
977 505 1044 554 stunt,
1059 503 1154 547 nostres
1171 510 1222 544 esse

131 564 203 611 duco.
236 563 275 611 ld.
285 562 359 611 Brut.
369 577 391 610 c.
402 565 442 610 93.
457 560 509 608 Nos
520 577 569 608 non
579 561 762 618 desistebamus,
776 576 831 608 cum
846 561 911 609 omni
930 578 1018 626 genere
1037 561 1223 616 exercitationis,

131 635 183 676 tom
196 627 297 675 marine
307 627 372 683 stilo,
382 633 489 674 nostrum
505 625 574 681 illud,
592 625 655 690 quod
673 633 734 681 erut,
746 639 841 688 engere,
856 635 1067 691 quantumcunque
1080 634 1141 676 erat.
1159 625 1223 675 Add.

133 693 171 741 15.
181 707 225 755 pra
235 692 345 741 Marcell.
355 706 377 739 5.
387 694 411 739 2.
422 698 446 738 et
454 705 498 753 pro
509 689 584 740 Aret.
599 706 621 740 c.
633 693 658 738 s.

463 788 478 817 '
488 791 527 837 24.
546 789 888 850 Quantumcunque-tantum.

165 871 256 919 Cotum.
268 869 285 916 1.
296 872 336 919 12.
347 884 369 918 5.
380 873 421 918 25.
444 868 659 933 Quantumcunque
675 869 776 916 humoris
790 875 835 924 est,
849 877 940 919 tuntum
956 868 983 917 in
997 868 1140 932 amphoram
1156 865 1223 915 musti

130 934 261 998 partionem
273 934 346 1005 adjici
357 941 458 998 oportet.

431 1029 447 1060 ⁸
457 1035 498 1081 25.
517 1031 921 1096 Quantumcunque-nilminus.

164 1114 255 1223 0515551.
265 1112 282 1159 1.
295 1077 333 1162 12.
347 1127 368 1161 5.
380 1117 419 1161 51).
436 1112 652 1175 Quantumcunque
670 1108 787 1176 adjeceris
801 1110 868 1168 salis,
882 1109 1038 1160 nihilominus
1052 1123 1221 1176 snperemnon

130 1192 205 1241 recrps
227 1191 314 1225 oenm.

493 1275 508 1304 ’
520 1277 560 1324 25.
579 1275 839 1339 Quantumcunque—is.

165 1354 216 1404 cte.
226 1355 243 1402 l.
253 1356 278 1402 2.
290 1353 357 1403 Fam.
367 1370 402 1417 ep.
415 1359 437 1405 l·
460 1352 656 1419 Quentaecunque
666 1354 712 1403 tibi
721 1355 868 1404 accessiones
878 1353 935 1402 tient
942 1353 1043 1402 fortune
1053 1361 1081 1402 et
1092 1351 1220 1418 dignitatis,

130 1434 170 1468 eus
182 1429 207 1467 tu
216 1433 265 1466 non
275 1419 394 1482 potuisses
403 1420 526 1483 consequi,
535 1421 583 1468 nisi
593 1420 654 1467 meis
664 1420 768 1468 consiliis
777 1435 838 1484 puer
848 1418 976 1483 paruisses.

377 1518 390 1580 §
401 1514 438 1564 Il.
455 1520 478 1565 1.
497 1518 646 1579 Quantopere
662 1532 704 1580 pro
714 1522 835 1581 quantum,
845 1517 884 1564 vel
894 1531 972 1580 quaem

165 1596 313 1660 Quantopere
322 1595 423 1644 retertur
439 1597 468 1645 sd
481 1602 609 1659 tantopere,
621 1601 768 1660 etquattuor
778 1604 899 1660 autquam
913 1594 1039 1658 significat.
1071 1594 1221 1644 5151515

132 1663 203 1710 Orat.
214 1676 236 1708 c.
249 1666 290 1711 25.
311 1659 398 1724 Neque
409 1661 472 1709 enim
483 1662 543 1711 hanc
555 1661 740 1724 disputationem
758 1668 880 1724 tantopere
894 1659 1066 1714 desiderabam,
1077 1667 1222 1723 quantopere

129 1725 181 1800 ejus
191 1725 282 1801 ratione
293 1726 399 1801 delector
409 1732 454 1775 cet.
466 1727 504 1775 ld.
517 1732 531 1776 2
547 1727 616 1776 Verr.
628 1742 650 1775 c.
663 1729 702 1776 87.
730 1725 869 1800 Perspicere
880 1741 922 1772 ros
932 1732 996 1772 certe
1008 1726 1067 1781 scio,
1076 1732 1221 1788 quantopere

50 1863 55 1871 .
130 1791 216 1903 5155115
225 1790 271 1903 115οὲ
277 1790 396 1919 55558155.
428 1791 495 1904 551.
507 1791 660 1853 1511555.
672 1795 696 1839 5.
713 1789 827 1839 Dicrnon
838 1797 925 1853 potest,
938 1797 1085 1854 quantopere
1094 1788 1221 1853 gaudeant.

211 1888 217 1902 Ι
238 1887 245 1902 0
272 1886 279 1902 Ο
378 1871 419 1905 lc·
464 1888 471 1901 θ

467 1950 481 1980 ·
494 1954 518 1998 2.
538 1950 635 2005 Qtsoato
645 1964 712 2012 opere
721 1948 875 2012 disjunctum.

164 2033 216 2082 Cic.
227 2033 244 2080 l.
256 2037 295 2081 13.
307 2032 376 2081 Fam.
385 2046 421 2094 ep.
434 2033 457 2079 8.
479 2031 624 2093 Quantoque
641 2046 710 2094 opere
728 2029 780 2094 ejus
797 2029 922 2093 municipii
938 2043 1011 2077 55555
1027 2028 1164 2093 laborum,
1178 2029 1221 2079 tibl

129 2098 232 2144 ostendi.
260 2099 299 2146 15.
309 2097 324 2146 l.
334 2103 358 2146 2.
369 2099 398 2146 de
407 2098 468 2146 Nat.
479 2096 513 2145 D.
525 2111 547 2144 c.
555 2099 596 2145 49.
614 2096 670 2144 1551
680 2110 737 2144 vero
747 2093 790 2141 illa
803 2095 876 2143 etiarn
884 2093 979 2143 notiora
989 2093 1081 2149 vitetis,
1091 2104 1183 2158 quanto
1193 2110 1222 2143 se

130 2177 201 2224 opere
213 2160 350 2210 custodiant
360 2160 453 2217 bestiae,
465 2168 492 2207 nt
501 2159 527 2207 in
539 2166 609 2223 pastu
622 2161 828 2224 circumspectent,
838 2167 865 2207 ut
876 2159 900 2207 in
911 2158 1032 2209 cubilibus
1042 2157 1193 2211 munerant.

555 2320 669 2370 CAPUT
686 2321 788 2371 ccxu.

461 2438 509 2497 De
524 2436 739 2515 Coajaactioae
760 2435 892 2504 Quane.

489 2568 504 2596 ⁶
518 2573 540 2617 l.
560 2568 640 2624 Quare
651 2582 694 2630 pro
704 2567 764 2623 ideo,
775 2566 864 2628 itaque.

163 2648 214 2696 Cic.
224 2649 241 2696 1.
253 2653 278 2697 2.
297 2648 367 2698 Fam.
378 2662 414 2710 ep.
426 2651 450 2696 5.
475 2648 555 2705 Quare
573 2663 667 2696 omnem
683 2649 745 2694 hanc
760 2644 945 2710 dispondonen
963 2643 990 2691 in
1006 2643 1137 2692 udrentnm
1154 2634 1219 2692 taum

135 2712 229 2762 differo.
247 2714 285 2762 15.
300 2715 317 2761 1.
328 2717 366 2763 ll.
376 2713 432 2762 Aa.
442 2728 478 2776 ep.
489 2719 529 2762 22.
546 2714 625 2771 Quare
636 2712 701 2761 istud
709 2712 821 2761 teramus.
852 2709 892 2758 Ita
901 2724 976 2772 5555.

373 2808 388 2839 ⁴
400 2813 424 2858 2.
443 2811 523 2866 Quare
532 2810 558 2857 in
569 2809 765 2873 interrogatione,
776 2824 822 2871 qun
832 2809 861 2858 de
870 2821 962 2856 causeo.

162 2891 404 2954 cintriacum.
417 2893 457 2939 15.
482 2890 522 2939 1)5
539 2889 755 2952 Fuffidiunisquare
768 2888 830 2937 nihil
844 2884 1036 2951 potuitconlici?
1069 2886 1210 2939 15155
1229 2911 1232 2918 ·

131 2958 202 3006 Orat.
212 2973 235 3006 5.
254 2961 293 3006 16.
311 2956 421 3019 Namque
435 2955 496 3003 illud
507 2971 589 3020 quere,
600 2956 714 3012 Seaevola,
725 2954 818 3019 negasti
829 2963 852 3002 to
863 2953 936 3001 151555
947 2951 1068 2999 laturum?

348 3052 360 3076 ⁴
373 3056 397 3100 2.
416 3054 505 3109 Quare,
519 3069 560 3116 pro
574 3054 751 3117 propterquod,
765 3056 862 3116 propter
872 3065 941 3114 quom
951 3055 999 3096 etc.

161 3135 213 3182 Cic.
224 3133 242 3180 l.
254 3137 279 3182 9.
290 3133 345 3183 Ate.
352 3149 387 3196 ep.
396 3137 436 3183 12.
453 3132 522 3181 Nihil
529 3133 627 3197 dignum
637 3133 748 3190 iaciebat,
755 3147 826 3194 quare
835 3131 886 3196 ejus
895 3129 957 3194 luge
968 3127 1079 3176 comltern
1089 3143 1127 3176 me
1138 3128 1219 3194 adjun-

87 3204 89 3209 '
127 3213 214 3261 gereni.
248 3199 445 3260 15155515.
475 3199 514 3245 Sic
530 3199 575 3245 tibi
593 3199 735 3261 persuadeas
755 3195 835 3253 velim,
857 3211 930 3242 unum
948 3192 1009 3240 mihi
1031 3207 1084 3241 esse
1100 3194 1218 3250 solatium,

127 3277 199 3325 quare
218 3261 311 3309 facilius
325 3263 411 3325 possins
427 3261 485 3324 pati,
503 3271 528 3310 te
551 3278 604 3310 esse
621 3262 673 3310 sine
693 3261 771 3309 nobie.
803 3260 977 3323 1555511555.
989 3258 1046 3308 Am.
1058 3263 1132 3307 cll).
1157 3257 1219 3314 Quid

127 3341 184 3390 ergo
200 3327 278 3382 affers,
288 3341 360 3389 qunre
377 3327 402 3374 id
418 3325 504 3376 iectrnn
521 3327 659 3391 putemusl,
684 3327 724 3375 15.
737 3341 780 3389 pro
791 3327 910 3383 Quinte.
922 3328 1039 3373 luctet.
1050 3323 1219 3375 ecurt-An.

126 3407 175 3485 φ’·
186 3456 240 3505 1155
257 3455 318 3504 refer
328 3470 357 3504 55
368 3458 488 3520 exempla,
506 3456 532 3504 in
543 3456 632 3521 quibus
642 3455 757 3519 precedit
770 3469 857 3503 nomen
874 3469 959 3503 eaueoe.
994 3453 1047 3502 Cic.
1056 3452 1075 3501 1.
1084 3457 1110 3504 8.
1118 3451 1176 3505 Aa.
1185 3465 1219 3514 tp.

129 3527 168 3572 18.
185 3523 269 3576 Miror,
286 3520 344 3584 qnid
362 3521 531 3578 5555515555,
548 3537 621 3585 quere
635 3521 763 3571 consilium
780 3519 885 3568 muteris.
903 3516 1045 3568 0555111.
1056 3517 1093 3567 Β.
1105 3517 1139 3567 G.
1151 3520 1219 3567 553.

127 3590 171 3652 51.
188 3587 247 3637 Herc
257 3585 394 3644 felteanus,
405 3603 477 3652 quare
495 3595 545 3635 toto
556 3587 665 3635 abessent
678 3587 743 3634 bello
752 3583 853 3641 Treviri,
870 3590 894 3631 et
904 3580 984 3632 neutri
994 3583 1085 3633 unsilia
1094 3581 1220 3651 mitterent·

130 3652 182 3705 cic.
193 3652 209 3701 l.
220 3658 244 3702 2.
253 3655 282 3701 de
298 3652 394 3702 laceat.
413 3671 435 3701 c.
448 3658 485 3703 1⁰.
508 3653 595 3709 Cunna,
607 3667 679 3715 quere
689 3649 832 3715 peccaverit,
844 3664 892 3697 non
900 3647 1045 3697 intercessit.
1097 3670 1100 3675 >

159 3716 222 3765 Item
233 3733 288 3765 eum
298 3717 421 3778 praeeessit
429 3719 500 3768 ratio.
535 3719 587 3767 Cic.
599 3718 691 3766 Parta.
702 3719 774 3764 518.
790 3712 927 3771 Querendn
936 3715 1009 3762 etiem
1019 3710 1081 3760 ratio
1088 3718 1135 3769 est,
1146 3710 1166 3760 si
1176 3724 1219 3775 qna

126 3782 215 3844 poterit
224 3780 333 3837 inveniri,
343 3798 414 3846 quere
424 3800 472 3832 nou
480 3785 511 3831 sit
519 3791 654 3846 exceptura.
686 3780 751 3830 151.
762 3785 786 3829 2.
796 3782 825 3829 de
836 3779 922 3828 Dinia.
933 3794 955 3827 c.
965 3782 989 3826 6.
1013 3777 1132 3826 Potestne
1143 3790 1218 3826 eurum

127 3862 216 3904 rerum,
226 3863 279 3910 quae
289 3846 351 3894 nihil
362 3850 454 3897 hubent
463 3849 570 3904 rationis,
581 3862 653 3910 quare
663 3846 750 3895 tuturae
760 3844 818 3902 sint,
830 3845 879 3893 5115
889 3858 941 3892 esee
951 3842 1097 3908 presensio?

511 3944 523 3969 ³
534 3949 559 3993 4.
578 3946 667 4001 Quare,
678 3959 722 4008 pro
730 3957 775 4007 per
784 3958 845 4005 quse.

160 4027 247 4085 Plane.
258 4043 298 4090 ap.
315 4027 366 4076 Cic.
377 4026 395 4073 l.
409 4030 449 4075 1⁰.
462 4025 528 4075 Fon.
537 4041 572 4086 ep.
583 4029 625 4077 21.
653 4025 741 4073 Omnis
756 4023 811 4082 teci,
828 4037 910 4089 quere,
926 4019 1021 4087 Lepido
1040 4019 1174 4086 conjuncto
1190 4018 1217 4069 ed

127 4092 300 4154 rempublicam
310 4091 493 4146 defendendam,
503 4089 604 4153 perditis
613 4089 757 4138 resisterem.

428 4187 440 4213 *
451 4195 476 4238 5.
494 4191 574 4246 Quare
584 4196 638 4251 post
649 4191 730 4245 miror,
743 4195 768 4236 et
779 4187 826 4236 alia
836 4187 916 4235 verba.

149 4273 221 4326 Ptin.
234 4273 291 4329 let
302 4286 325 4322 5.
336 4273 378 4324 21.
401 4271 492 4340 Miror,
510 4285 585 4340 quare
603 4269 730 4321 uncum
741 4269 772 4319 'sn
783 4267 860 4318 tuus
874 4267 905 4316 id
917 4264 989 4317 nosci
1006 4263 1135 4319 tradiderit
1151 4263 1220 4316 Solon

103 4337 260 4406 Smyrnaeus.

469 4452 473 4461 ·
545 4424 570 4475 *t

531 4488 543 4515 ἱ
