2670 4636
82 268 241 347 auxanus]
444 256 500 319 DE
533 252 777 317 PAR'llCULlS
798 260 856 316 etc.
1146 250 1188 311 43

79 420 206 472 iulelicem
216 419 346 485 aliquando
352 419 448 470 tandm
456 435 526 488 posse
535 421 675 474 consistere.
702 418 791 470 ’666
803 419 882 468 lcat.
888 419 969 466 olet
977 418 1017 466 16.
1032 414 1050 464 l.
1062 414 1103 464 16.
1116 396 1188 464 Fusus.

77 502 115 552 ep·
124 491 172 601 9a.
182 551 436 614 Adhuc-aliquando.
447 553 511 603 Vide
523 523 594 618 paulo
605 558 668 617 post.
677 553 699 601 δ.
725 549 741 579 '¹
754 547 980 613 AAliquossdo-—ia
985 545 1122 611 presentia

112 630 252 693 Aliquando
269 632 398 696 opponitur
417 634 534 682 locutioni
552 635 578 682 iu
590 633 727 699 proeseuts'a.
753 632 805 681 Cic.
815 632 832 679 l.
844 632 869 677 a.
879 631 908 678 de
919 630 1014 678 Iuceut.
1025 644 1047 675 c.
1057 629 1098 674 68.
1114 625 1187 684 Quod

79 702 120 744 est
139 697 318 810 liptupraeseutia
333 697 364 746 de
384 700 508 748 honestate
527 699 665 758 delibatum,
686 699 775 746 virtute
793 695 923 760 aliquando
941 700 967 742 et
982 692 1102 742 industria
1116 707 1186 742 recu-

80 775 166 825 Pem
206 793 213 809 ⁸
448 829 747 893 '7·Aliquoudo-paulo
764 831 826 889 post.

113 904 160 952 Hm
170 906 224 955 duae
232 907 356 970 particulas
365 914 393 956 ut
403 908 524 972 differant,
533 916 634 973 apparet
648 924 680 957 ex
693 909 744 958 Cic.
756 908 851 957 Portit.
860 922 883 954 c.
891 909 916 956 3.
927 904 957 953 16
967 903 1116 966 temporibus
1125 917 1185 966 pru·

79 970 168 1028 sentia,
179 974 337 1036 etpraeten'te
352 980 378 1022 et
387 974 468 1022 lutura
477 984 614 1023 cernuntur.
641 974 675 1022 In·
685 974 722 1021 his
737 973 797 1037 ipsis
812 978 917 1029 vetusta,
930 971 1046 1025 recentia,
1064 967 1186 1025 166166ῑὶ6,

79 1037 153 1098 paulo
164 1045 222 1100 post
231 1046 273 1087 aut
282 1039 414 1102 aliquando
423 1039 511 1089 futura.

511 1119 524 1144 ⁶
535 1122 556 1169 t.
566 1119 713 1183 Aliquando,
728 1118 760 1168 si.

112 1196 250 1262 Aliquando
264 1212 433 1263 nonnunquam
451 1198 545 1249 uecucit
564 1199 595 1250 si.
627 1202 679 1250 Cic.
692 1201 710 1248 l.
722 1204 746 1249 1.
763 1201 793 1251 de
808 1201 878 1249 Orat.
895 1214 918 1247 c.
934 1200 975 1246 66.
991 1193 1113 1246 concedis
1132 1207 1187 1244 esm

79 1261 160 1310 adhuc
181 1270 256 1310 artem
271 1263 368 1312 omniuo
386 1279 436 1312 non
451 1280 511 1323 esse,
530 1266 572 1313 sed
592 1264 728 1328 aliquando,
740 1265 762 1313 ai
779 1266 833 1328 quis
847 1265 916 1312 ulium
937 1271 1014 1311 artem
1024 1258 1143 1318 didicerit,
1159 1266 1191 1311 ut

79 1328 143 1375 hanc
159 1334 234 1376 amem
252 1327 346 1376 efficere
356 1329 441 1392 possit,
452 1337 504 1378 tum
514 1345 567 1378 esse
578 1330 646 1378 illam
656 1337 732 1378 artem
742 1332 855 1378 suturam.

537 1409 550 1435 '
562 1411 736 1475 utaliquando.

114 1487 144 1537 aa·
158 1489 287 1553 aliquando
298 1504 468 1553 nonnunquam
480 1489 600 1554 integrum
616 1498 705 1546 manet,
717 1490 769 1538 siue
780 1488 903 1552 aphaeresi.
938 1487 989 1535 Cic·
999 1490 1016 1537 t
1028 1487 1102 1536 Catil.
1113 1500 1135 1534 c.
1146 1487 1187 1534 16.

80 1553 177 1611 Quodsi
195 1554 325 1617 aliquando
341 1555 442 1620 alicujus
460 1556 551 1603 scelere
566 1557 686 1604 concitata
695 1571 779 1603 manus
789 1555 836 1601 ista
845 1554 901 1617 plus
918 1554 1028 1606 valuerit,
1039 1566 1109 1615 quam
1123 1550 1185 1612 reip.

81 1618 200 1681 dignitas:
218 1634 257 1667 me
277 1627 360 1667 tamen
381 1635 488 1667 meorum
504 1620 622 1668 factorum
638 1627 664 1668 et
682 1620 832 1668 consiliorum
849 1633 970 1680 nunquam
987 1615 1119 1679 poenitebit.
1145 1615 1186 1663 Ia,

77 1698 122 1747 pro
134 1684 219 1732 Flacc.
238 1699 261 1733 c.
273 1687 297 1732 1.
330 1684 356 1733 Si
371 1686 433 1732 torto
451 1685 579 1747 aliquando
599 1685 711 1733 beneficii
726 1685 796 1750 hujus
815 1684 959 1731 obtrectator
979 1681 1112 1730 extitisset:
1133 1677 1187 1726 exi·

80 1749 216 1803 stimabam,
232 1750 261 1797 L.
284 1745 372 1797 Flacco
390 1750 551 1798 multitudinis
571 1750 690 1814 imperitae
705 1749 825 1814 judicium
842 1763 896 1796 6666
913 1746 1073 1796 subeundum.
1107 1743 1140 1791 Et
1150 1743 1186 1792 sic

79 1814 153 1861 etiam
172 1814 247 1877 paulo
265 1821 335 1878 post:
353 1814 417 1862 Item
434 1816 452 1864 1.
462 1818 486 1863 3.
496 1815 551 1864 Att.
559 1831 595 1880 ep.
607 1819 647 1864 15.
665 1816 819 1880 (Exemplum
830 1815 933 1862 alterum
943 1809 1186 1874 alienum:·iuterpo·

80 1878 146 1927 uitur
158 1879 305 1939 euimsoste·
320 1879 567 1930 vidimaclo.
581 1882 634 1931 Cic.
642 1881 669 1929 iu
678 1881 724 1946 si.)

395 1961 469 2026 5111.
486 1960 682 2020 Auueuuuuou,
699 1960 869 2015 Anausaro.

112 2040 193 2104 Vulgo
201 2041 333 2104 accipiunt,
345 2048 373 2089 ut
383 2042 475 2090 dictum
485 2057 529 2106 pro
536 2044 624 2104 paullo,
635 2050 788 2106 acuuntque,
800 2059 840 2092 am
850 2048 924 2092 etwas
943 2039 1113 2106 (semime
1129 2053 1186 2088 cum

79 2104 111 2154 sit
126 2107 210 2170 potius
223 2107 287 2155 liaud
302 2108 390 2171 paullo,
406 2109 484 2171 longe,
495 2109 578 2156 multo.
594 2109 766 2173 6666666616.
797 2110 872 2157 Ciol
889 2109 955 2157 Vsus.
972 2122 995 2155 c.
1012 2110 1053 2156 64.
1073 2103 1188 2168 166661

78 2170 204 2234 aliquanto
218 2172 274 2238 plus
298 2170 427 2234 cogitasset
444 2176 489 2223 etc.
508 2172 526 2220 i.
540 2188 562 2220 e.
577 2173 650 2237 longe
671 2173 734 2238 plus.
753 2173 811 2224 Vid.
824 2175 894 2240 plum
906 2172 933 2220 in
950 2171 1050 2222 Erssssti
1068 2169 1134 2220 notis
1154 2166 1187 2218 sd

80 2235 179 2286 Suetost.
190 2237 254 2285 Cas.
265 2251 286 2283 c.
295 2238 335 2285 66.
350 2263 354 2271 =

474 2338 477 2342 .
506 2299 765 2364 §IV.Auueuon1us.

112 2379 251 2444 Aliquoties
269 2379 360 2429 dictum
375 2384 414 2428 est
428 2379 458 2426 ab
470 2380 569 2444 aliquot,
584 2388 610 2430 et
627 2383 658 2430 66
672 2396 796 2431 numerum
813 2383 923 2431 refertar.
939 2383 1030 2431 several
1048 2380 1126 2443 times,
1147 2393 1186 2428 os·

78 2446 218 2510 66666666.
254 2447 331 2495 Cio-4
345 2446 412 2496 Vera.
423 2460 447 2494 6.
458 2448 498 2493 76.
518 2444 655 2510 Aliquoties
669 2448 700 2495 66
716 2447 792 2495 socios
802 2448 885 2496 literas
901 2448 932 2496 de
949 2445 1018 2495 istius
1031 2444 1125 2510 injuriis
1141 2443 1186 2491 mi-

77 2517 143 2559 serat
153 2510 318 2575 Carpinatius.
661 2513 663 2519 ’

525 2606 639 2656 CAPUT
672 2607 743 2656 XIX.

243 2706 295 2767 Dc
307 2705 545 2766 Pronomiuibas
568 2709 595 2766 1.
607 2705 751 2772 Amanus
769 2715 800 2767 ct
818 2710 847 2766 2.
860 2707 1022 2772 Au1oa0n.

112 2816 228 2870 Annuus
239 2825 265 2866 et
275 2818 393 2870 Auueuon
405 2818 434 2866 ab
445 2818 493 2868 alio
504 2824 562 2866 suut
569 2819 649 2875 ducta,
656 2819 699 2866 sed
708 2821 796 2882 aliquis
803 2821 914 2868 adunam
923 2820 999 2867 ferme
1010 2834 1070 2874 rem,
1079 2823 1121 2865 aut
1132 2833 1184 2881 per·

78 2899 179 2941 souam;
196 2884 287 2946 aliquot
306 2885 472 2931 adnumerum
487 2883 594 2931 refertur.
629 2884 681 2933 cto.
697 2885 714 2933 l.
727 2888 767 2933 13.
784 2885 840 2934 Ast.
857 2901 893 2949 ep.
904 2888 945 2933 15.
962 2884 1124 2947 Expectabam
1141 2882 1186 2931 uli·

79 2965 149 3012 quem
164 2963 277 2998 meorum.
304 2950 345 2997 Ia.
354 2949 412 2998 ibid.
429 2949 447 2995 l.
456 2954 480 2997 9.
497 2964 532 3012 ep.
544 2951 584 2996 13.
599 2947 702 3010 Aliquot
712 2956 767 2996 sunt
777 2949 843 3006 anui,
855 2965 909 2998 cum
917 2963 961 2997 vos
971 2949 1032 2996 duos
1042 2948 1113 3012 elegi,
1124 2962 1186 3010 quos

78 3014 200 3078 precipue
211 3015 323 3063 colerem.
336 3015 376 3063 Io.
387 3014 404 3063 l.
411 3018 436 3063 7.
448 3015 519 3064 Fam.
529 3029 565 3078 ep.
579 3015 620 3063 18.
631 3012 726 3078 Accepi
736 3028 752 3061 a
760 3021 786 3062 te
796 3014 889 3078 aliquot
898 3016 980 3063 litem
991 3029 1039 3062 uuo
1047 3020 1164 3079 tempore.

501 3109 517 3139 ⁴¹
530 3114 554 3158 3.
568 3111 655 3160 Certus
664 3111 760 3175 aliquis.

112 3193 212 3256 Aliquis
221 3193 348 3257 copulatur
357 3191 480 3240 interdum
485 3206 541 3240 cum
550 3193 648 3240 nomine
661 3199 748 3242 certus.
760 3192 835 3243 ctat.
846 3196 904 3244 1.de
912 3193 964 3259 Off.
972 3197 1040 3244 632.
1050 3192 1186 3256 Unusquis-

79 3274 129 3322 que
140 3270 195 3306 aute
205 3257 343 3320 implicatur
353 3258 434 3320 aliquo
445 3263 511 3306 certo
520 3272 609 3322 genere
620 3273 739 3323 cursuque
756 3259 862 3315 vivendi,
873 3275 945 3323 quam
961 3260 1051 3323 potuit,
1066 3260 1132 3323 quod
1142 3275 1185 3324 op·

78 3323 166 3372 timum
173 3329 247 3381 esset,
252 3322 369 3388 judicare.
378 3323 396 3354 ¹¹

106 3422 153 3472 'l-
165 3421 264 3485 Aliquis
273 3437 316 3485 pro
326 3422 434 3484 quilibet,
451 3421 596 3484 66666666
606 3422 738 3536 soppebodq
749 3437 812 3472 some
824 3427 924 3486 strange
939 3437 1035 3488 posca,
1044 3438 1106 3473 some
1116 3437 1160 3473 ose

579 3502 630 3535 oro
660 3502 694 3536 er.

114 3569 212 3632 Aliquis
225 3580 269 3631 pro
288 3569 364 3617 611666
384 3567 480 3631 ponitur
499 3567 628 3615 interdum.
664 3568 715 3617 Cic.
733 3569 751 3615 l.
761 3571 786 3616 3.
804 3568 851 3623 Qu.
860 3569 904 3618 Fr.
915 3585 951 3632 ep.
964 3572 988 3617 1.
1009 3568 1085 3617 Hisce
1101 3569 1186 3629 literis,

79 3649 140 3697 quas
154 3635 229 3696 vulgo
246 3632 277 3681 ad
294 3639 319 3680 te
337 3633 416 3688 mitto,
434 3632 495 3680 nihil
511 3632 562 3681 iere
579 3633 665 3690 scribo,
682 3632 755 3696 quod,
773 3632 832 3681 6116
852 3634 954 3698 alicujus
967 3648 1051 3682 manus
1065 3633 1187 3698 inciderit,

78 3699 181 3747 moleste
198 3697 322 3746 ferendum
333 3699 373 3746 sit.
392 3699 443 3747 into
454 3699 493 3749 tie
504 3698 581 3747 laudo
592 3699 621 3758 os
627 3714 642 3748 a
652 3704 774 3761 otranges.

312 3777 324 3802 ⁴
335 3783 360 3827 s.
371 3780 469 3843 Aliquis
478 3794 520 3842 pro
532 3778 645 3840 insignis,
657 3781 698 3842 qui
708 3784 745 3830 est
754 3781 832 3844 aliquo
843 3795 950 3830 numero.

114 3862 229 3911 duceuol.
240 3865 287 3910 sat.
298 3864 321 3910 l.
332 3875 357 3908 v.
367 3864 408 3910 74.
425 3859 452 3909 Si
462 3859 499 3907 vis
510 3876 564 3908 esse
577 3859 671 3923 aliquis.

450 3956 463 3981 ⁶
475 3963 500 4006 6.
511 3957 617 4022 Aliquis.
628 3957 655 4006 in
665 3965 822 4008 contemtum.

115 4040 213 4105 Aliquis
220 4039 306 4088 dicitur
312 4040 433 4088 interdum
443 4040 473 4088 66
482 4054 520 4095 eo,
534 4039 577 4102 qui
592 4040 760 4087 contemuitur.
774 4040 845 4102 (sive,
855 4045 1002 4089 contemtum
1011 4041 1124 4106 indicat.)
1137 4042 1189 4093 cta.

80 4107 98 4154 l.
108 4110 131 4154 1.
140 4109 169 4156 de
177 4108 279 4155 Orate.
287 4108 328 4153 at.
343 4105 471 4154 Gerendus
484 4111 521 4152 est
535 4120 587 4152 mos
596 4103 801 4160 adolescentibus,
813 4104 854 4166 qui
865 4119 913 4151 uon
925 4104 1003 4154 Graeci
1016 4108 1116 4174 alicujus
1128 4123 1188 4171 quo-

79 4172 199 4220 tidianam
210 4171 383 4234 loquacitatem
397 4171 447 4218 sine
465 4186 521 4230 usu,
535 4185 614 4232 neque
630 4185 663 4217 ex
677 4169 763 4218 scholis
779 4169 923 4217 cantilenam
939 4171 1067 4234 requirunt⁴
1087 4174 1115 4234 os
1127 4189 1190 4224 satus

292 4315 310 4346 ¹¹
321 4314 400 4366 Aliud
409 4316 548 4380 exemplum
560 4314 608 4364 vid.
618 4314 674 4363 init.
691 4315 715 4362 in
727 4312 815 4378 aliquis
826 4328 881 4362 cum
892 4313 969 4377 quasi.
