2670 4636
36 290 39 294 >
72 259 154 335 nnc]
426 259 481 319 DE
514 256 754 318 PARTICULIS
775 269 834 319 etc.
1113 262 1171 320 221

72 403 184 478 peditus.
216 406 308 456 Colere
323 408 376 458 bt.
386 422 409 457 o.
422 410 462 456 11.
478 406 536 471 Ipsa
546 412 611 454 creta
621 418 665 468 per
680 419 707 453 se
717 403 789 470 (viti)
801 402 966 454 mmicisrim
979 411 1027 462 m,
1036 419 1083 456 m
1096 406 1175 457 minu,

69 483 171 532 JeJuuua
182 469 274 519 sabulo.

135 564 148 589 '
157 569 199 616 33.
218 569 270 617 Nec
279 568 367 617 idcirco
377 568 464 625 minan
476 583 518 617 aec
528 583 555 617 eo
566 566 653 629 minae,
662 579 736 628 neque
745 579 772 614 eo
782 565 858 614 accim
868 580 912 627 pro
922 569 948 614 et
956 565 1117 619 nibilomitua

102 646 166 720 ssr‘c.
176 647 194 695 Ι.
205 650 230 697 2.
239 649 269 696 de
282 648 353 697 Orat.
365 663 388 698 o.
400 653 440 698 ³⁵.
458 645 597 722 Phiioaopbi
613 644 681 693 nulla
688 644 751 719 daut
768 651 890 709 praccepta
907 645 1012 720 dicendi,
1020 684 1023 690 .
1031 662 1077 694 nac
1088 648 1179 701 idcireo

76 725 178 823 ἓῖἲῖ...
189 725 337 825 abfui?
349 708 1179 835 32.ἓέοΡ822ἓὲ.ἓῗέἷῗξὲῗ.ῗὲ..ῗζ..ἓῗῗ.ἕῖἇ.2ῒ..ὲῖἒ.““ἒῗὲ

77 839 144 885 horti
160 838 245 887 viritim
260 840 398 890 dividebat:
414 855 460 888 neo
475 854 506 886 eo
518 838 598 885 minus
612 838 683 884 alium
699 836 746 884 alia
762 837 800 885 via
816 836 915 884 militem
933 838 1106 889 demerebatur.
1140 844 1180 893 Id.

75 902 104 949 iu
127 903 225 966 Vesper.
234 920 256 952 c.
266 909 308 954 at.
320 906 383 968 Nep.
394 904 448 954 Art.
458 919 480 952 c.
490 908 532 953 22.
548 902 635 964 Neque
645 917 677 949 eo
688 900 766 949 secius
782 901 959 950 adolescentem
970 902 1075 952 Marium
1086 906 1178 954 bostem

74 965 209 1029 judicatum
217 967 281 1032 juvit
291 969 377 1032 opibus
388 969 446 1018 suis.

316 1081 320 1089 ’
352 1065 368 1096 '
378 1069 419 1115 dd.
437 1065 490 1114 Nec
499 1063 689 1125 minare-qaum,
700 1077 742 1124 pro
753 1067 912 1126 tum-qaum.

82 1148 86 1153 '
114 1142 179 1206 Nep.
191 1143 263 1194 Dion.
272 1161 294 1193 o.
306 1149 329 1196 1.
338 1144 411 1203 ,Πῑοη
419 1151 470 1194 erat
480 1144 579 1193 intimus
589 1142 708 1207 Dionysio
719 1141 801 1206 priori,
811 1157 890 1206 neque
901 1143 980 1192 miuus
990 1152 1086 1210 propter
1094 1163 1181 1207 mores,

80 1220 152 1285 quam
164 1206 309 1281 affinitatem.

318 1304 333 1334 “
344 1308 385 1353 db.
403 1305 487 1367 Neque
497 1319 523 1352 eo
533 1303 620 1365 mugio,
632 1317 675 1365 pro
686 1304 728 1350 sed
738 1301 892 1352 nihilominus
902 1317 958 1351 noa.

85 1407 88 1411 '
119 1398 201 1461 Nepos
210 1399 311 1449 Ecaten.
323 1417 344 1451 c.
355 1406 380 1450 4.
404 1400 428 1448 A
446 1400 606 1463 Neoptolemo
619 1397 797 1473 aliquotpbrgis
807 1398 926 1448 Eumenes
936 1401 1086 1453 vulneratur:
1105 1424 1182 1474 nuque

82 1475 113 1507 eo
123 1463 199 1539 magie
208 1480 238 1510 ex
245 1465 442 1539 praelioercessit3
451 1464 496 1535 sed
506 1463 583 1512 aerina
593 1463 702 1538 hostibus
710 1464 805 1510 institit.
838 1465 877 1512 lo.
889 1465 996 1514 Peraean.
1007 1482 1029 1515 o.
1040 1473 1064 1517 8.
1076 1471 1146 1543 'Hinc
1155 1491 1183 1522 se

83 1528 557 1643 tedtrttttdtttrtit
575 1542 723 1639 tutta
741 1526 960 1653 {indidit}
982 1531 1185 1653 Eiidem

85 1661 125 1703 est
135 1654 256 1721 Antonio,
266 1671 344 1720 neque
354 1609 608 1721 desperatos‘reliqdit.
914 1607 929 1656 g
969 1608 1000 1657 po

408 1754 431 1794 -'
442 1756 483 1802 86.
500 1753 583 1814 Neque
593 1753 679 1812 magis,
689 1764 732 1812 pro
742 1765 790 1799 aaa
800 1754 857 1800 tarn.

121 1833 204 1896 Nepos
213 1835 238 1882 in
250 1834 359 1885 Miltind.
370 1850 392 1882 o.
403 1839 427 1884 2.
444 1833 503 1882 Erat
512 1833 572 1881 iuter
583 1847 626 1880 eos
639 1832 755 1894 dignitato
764 1832 837 1897 regia.
854 1831 941 1897 Neque
956 1833 982 1882 id
993 1837 1068 1900 magis
1077 1838 1186 1904 imperio,

86 1909 161 1958 qnam
165 1898 268 1964 justitia,
278 1901 429 1948 consecutus.

482 1996 511 2026 ¹·
521 2000 563 2047 26.
581 1995 633 2045 Nee
645 2008 700 2050 noa,
710 2009 753 2057 pro
764 1999 797 2043 et.

122 2077 233 2127 Necnon
242 2079 314 2142 vulgo
324 2078 464 2127 ereberrime
475 2091 518 2139 pro
528 2080 553 2126 et
567 2080 693 2137 usurpant,
702 2088 730 2121 ac
748 2081 841 2122 tautum
857 2089 905 2122 non
919 2077 1028 2127 omnibus
1043 2082 1138 2146 paginis
1151 2084 1190 2135 iu.

87 2141 192 2190 seminat
205 2142 389 2190 inconsiderate.
420 2141 453 2189 Et
467 2140 574 2204 postulat
591 2153 648 2186 sane
665 2138 735 2195 ratio,
753 2145 788 2195 ut,
807 2138 1006 2201 quamadmodum
1023 2144 1190 2212 nonuunquam

89 2205 156 2254 valet
163 2206 293 2263 interdum,
309 2207 344 2254 ita
361 2221 403 2256 nec
421 2221 467 2255 nora
478 2206 556 2253 valeat
573 2208 606 2253 et.
640 2203 729 2250 Varum
746 2210 839 2250 autores
857 2207 955 2253 nonsit:
974 2213 1063 2256 temere
1081 2211 1191 2263 videntur

89 2284 228 2333 usurpasse.
260 2271 287 2318 Si
296 2271 358 2318 anim
370 2270 501 2320 accuratius
511 2270 537 2317 in
547 2282 628 2316 eorum
640 2265 751 2328 exempla
764 2267 928 2330 inspiciamus,
940 2271 1039 2332 patebit,
1050 2266 1190 2337 particulam

89 2349 139 2383 noar
149 2335 229 2397 potius
240 2335 340 2384 dictioni
357 2335 428 2383 alicui
444 2334 552 2398 sequenti
564 2331 712 2396 jungendam
727 2346 790 2387 esse,
803 2347 876 2394 (luam
890 2336 1036 2396 precedenti
1051 2352 1102 2388 aaa.
1138 2343 1191 2393 Cic.

90 2413 136 2462 pro
154 2399 291 2448 Reae-Am.
302 2415 324 2448 c.
340 2402 380 2447 15.
397 2399 482 2460 Neque
499 2400 550 2445 haec
569 2406 594 2444 tu
612 2410 660 2443 non
670 2396 794 2460 intelligis,
808 2397 851 2443 sed
861 2398 919 2460 quid
928 2414 1042 2462 coarguas
1052 2418 1101 2450 non
1112 2406 1194 2456 haber.

91 2464 114 2511 it
124 2463 147 2511 a'a
159 2468 201 2512 aot
218 2464 271 2512 thot
287 2477 334 2526 you
343 2465 373 2511 do
383 2469 425 2512 not
435 2463 580 2512 understand
589 2461 618 2517 tt,
634 2461 684 2520 but,
695 2463 736 2520 tro.
773 2460 912 2509 Varrone.
925 2463 957 2511 R.
970 2465 1002 2512 R.
1014 2482 1036 2513 c.
1048 2470 1087 2514 ll.
1104 2469 1192 2534 Neque

91 2542 142 2575 uon
153 2525 262 2590 quedam
277 2528 386 2574 nationes
397 2530 476 2574 barum
491 2523 642 2590 (caprarum)
653 2523 757 2586 pellibus
773 2531 829 2571 sunt
840 2527 940 2573 reatitae.
973 2528 1021 2576 Hic
1035 2545 1081 2579 noa
1101 2536 1194 2584 ocatitoe

92 2593 192 2640 suntin
209 2606 281 2639 sensu
299 2590 458 2653 copulandum
477 2599 522 2638 est.
554 2589 628 2652 Aput.
639 2589 655 2635 l.
667 2591 706 2635 ll.
717 2588 818 2636 Metam·
834 2589 920 2698 Neque
936 2597 1137 2651 vocatusmorari,
1149 2614 1193 2648 nec

91 2671 141 2704 nou
149 2655 232 2719 jussus
241 2655 354 2703 festinare
369 2655 490 2703 deberem.
511 2655 592 2710 Quare
610 2651 740 2714 duplicatis
756 2652 877 2713 negationi
894 2668 931 2712 us,
947 2669 1002 2703 cum
1018 2659 1092 2706 verbe
1108 2661 1197 2712 aientia

92 2735 144 2770 non
159 2719 248 2776 desint,
258 2720 381 2783 aliquanto
391 2728 486 2767 utemur
496 2718 602 2781 parcius:
620 2716 687 2779 cujus
698 2715 791 2777 generis
808 2725 863 2763 snut
873 2723 899 2763 et
912 2717 964 2773 illa.
975 2733 1042 2769 uerno
1051 2736 1106 2778 nan,
1118 2729 1198 2777 muge

92 2801 149 2842 aon,
160 2785 293 2834 mauram
310 2800 364 2847 qum
381 2791 408 2832 ut
422 2781 524 2832 orationi
540 2779 635 2828 modice
648 2780 763 2842 adspersa
769 2779 928 2842 jucunditatis
944 2782 1047 2832 afferunt
1061 2788 1196 2849 plurimum,

94 2851 130 2898 aio
139 2849 245 2898 crebrius
254 2848 358 2912 repetita
366 2848 502 2897 satietatem
512 2847 617 2911 pariunt.
650 2845 750 2906 Lougol.
760 2843 816 2899 bet
825 2859 861 2906 φ.
872 2849 896 2894 2.
903 2847 933 2892 ad
946 2847 1010 2896 Noa.
1023 2850 1092 2900 Geel.
1102 2867 1127 2915 p.
1139 2858 1196 2907 lot.

95 2915 197 2964 Obstru.

130 2979 241 3028 Necnon
257 2976 342 3026 Cicero
358 2989 479 3050 nunquam
498 2973 567 3038 ponit
582 2987 627 3047 pro
647 2977 680 3027 et,
698 2969 799 3046 niti'vel
817 2975 1034 3049 neoprecasserit,
1054 2981 1095 3027 vei
1108 2995 1152 3030 nee
1170 2984 1197 3033 iu

96 3035 888 3169 fflssffissffliii‘jiiffifoedi„inidiifiii
901 3041 1197 3161 tdttstttdtt
1244 3074 1249 3082 '

95 3172 136 3219 ira
144 3170 253 3218 Deorum
266 3171 327 3218 bano
335 3169 389 3232 ejus
399 3167 543 3217 satellitibus
550 3164 634 3230 injecit
644 3162 781 3221 amentiam,
793 3173 820 3213 ut
831 3167 883 3215 siue
893 3167 1045 3232 imaginibus,
1056 3171 1108 3222 sine
1117 3183 1197 3234 mutu,

97 3235 152 3283 aine
166 3234 231 3283 ludis
247 3233 408 3282 ambureretur
425 3230 534 3282 Clodius.
566 3232 606 3280 Id·
620 3230 639 3277 l.
654 3233 679 3277 6.
696 3229 765 3278 Foru.
776 3244 812 3293 ep.
826 3235 848 3279 1.
870 3231 923 3283 Nec
945 3234 1011 3283 enim
1029 3235 1060 3293 is,
1070 3239 1153 3302 qoiiu
1170 3248 1196 3290 te

98 3300 178 3349 adbuc
187 3298 299 3362 injustior
309 3297 365 3354 fuir,
376 3312 424 3346 nou
441 3311 527 3358 magua
542 3294 609 3358 sigua
619 3293 688 3367 dedit
697 3293 769 3341 animi
786 3310 842 3359 erga
859 3303 883 3344 te
901 3297 1012 3362 mitigati.
1046 3302 1085 3351 Id.
1097 3304 1115 3351 l.
1131 3308 1156 3354 2.
1167 3307 1198 3356 da

99 3364 186 3413 Dinia.
197 3377 220 3410 o.
237 3365 277 3411 22.
295 3362 348 3410 Nec
361 3377 416 3410 nero
433 3376 482 3409 non
493 3358 557 3408 omni
575 3359 695 3422 snpphcio
706 3357 773 3420 digni
787 3357 903 3409 Claudius
922 3370 948 3410 et
961 3365 978 3413 J
981 3363 1060 3413 unius.
1091 3368 1132 3416 Id.
1142 3370 1161 3416 l.
1170 3373 1196 3419 d.

99 3429 171 3478 Tusa.
187 3443 210 3476 c.
221 3429 246 3475 2.
261 3426 315 3474 Nec
331 3441 388 3474 raro
399 3425 458 3474 illud
476 3440 522 3473 non
540 3423 686 3471 eruditorum
705 3432 836 3485 temporum
853 3435 1020 3488 argumentum
1035 3438 1080 3487 eat,
1098 3433 1163 3492 quod
1173 3441 1199 3481 et

98 3490 386 3554 deorumnulviuaribua,
398 3496 424 3537 et
434 3488 511 3552 epulis
526 3488 705 3549 magistratuum
720 3487 780 3535 fides
797 3489 939 3550 precinunt.
970 3494 1010 3541 Id.
1023 3491 1040 3539 i.
1050 3497 1076 3543 2.
1085 3496 1115 3544 de
1126 3497 1199 3547 Orat.

97 3573 121 3606 c.
132 3561 174 3606 86.
190 3554 279 3618 Neque
288 3562 369 3603 tarueu
378 3554 422 3603 iila
431 3569 480 3601 uon
490 3558 583 3607 ornant,
595 3550 670 3597 babiti
678 3551 792 3612 bonores,
806 3553 904 3601 decreta
912 3555 1008 3604 virtutis
1021 3559 1125 3619 premia.
1157 3562 1198 3611 Id.

97 3621 235 3672 Acade.
244 3624 269 3668 2.
285 3618 373 3681 Neque
389 3633 469 3667 meam
485 3622 592 3690 mentem
610 3629 658 3661 non
674 3613 768 3661 domum
784 3629 848 3678 sepa
861 3626 960 3667 revocat
977 3621 1113 3671 exanimata
1129 3637 1199 3692 uxor,

98 3676 766 3808 nucu
776 3678 922 3806 uun
934 3687 1058 3810 n...
1076 3757 1102 3797 .

99 3829 145 3878 pm
155 3820 181 3863 et
193 3820 298 3876 ponunt.
332 3813 412 3874 Nepos
422 3812 522 3859 Barnea.
533 3824 555 3856 c.
567 3811 590 3855 1.
608 3805 714 3881 [I'ametsi
725 3805 846 3880 Eumenes
857 3807 987 3859 domestico
1002 3827 1092 3860 summo
1111 3829 1199 3877 genere

100 3887 161 3936 erat,
174 3885 256 3924 umen
277 3876 427 3924 Macedones
444 3890 498 3922 euru
520 3872 565 3920 sibi
584 3869 714 3933 aliquando
734 3876 848 3933 anteponi
866 3872 960 3937 indigui
980 3875 1103 3925 serebant:
1120 3894 1200 3945 neque

100 3951 183 3990 tamen
200 3955 249 3988 non
266 3940 426 4004 patiebantur.
462 3939 538 3987 Varro
557 3935 574 3984 1.
585 3938 609 3983 2.
626 3937 660 3984 R.
671 3935 704 3983 R.
712 3949 738 3981 c.
750 3938 774 3983 1.
798 3933 858 3985 Fere
875 3938 1010 3987 morborum
1026 3956 1104 3990 muse
1121 3954 1201 4004 erunt,

101 4007 169 4070 quod
188 4005 298 4053 laborant
311 4011 408 4069 propter
419 4009 498 4058 estus,
510 4007 552 4048 aut
565 4006 664 4062 propter
679 3998 775 4060 frigora,
786 4014 831 4048 nac
842 4015 890 4048 non
901 4002 974 4051 etiam
990 4014 1086 4071 propter
1099 4009 1200 4073 nimium

100 4072 217 4127 laborem,
228 4077 271 4117 aut
280 4076 370 4118 contra.
404 4069 443 4116 Id.
453 4068 471 4116 1.
482 4070 506 4115 2.
517 4082 539 4114 c.
549 4068 573 4113 2.
590 4063 628 4110 Ibi
642 4062 693 4110 vidi
709 4077 793 4126 greges
810 4079 907 4128 magnos
924 4081 1043 4136 anserum,
1052 4073 1200 4134 gallinam,

496 4307 514 4338 ¹⁵
533 4305 594 4357 Vide
607 4307 739 4362 Nec-aee
749 4325 808 4362 aon.
