2670 4636
190 285 249 343 306
508 280 677 342 nostru
706 280 947 342 TURSELLlNl
1116 288 1282 366 [rnorrea

637 435 661 477 2.
678 428 826 478 Admonitio.

227 512 329 574 Propter
338 525 381 575 pro
390 525 460 575 prope
475 510 583 574 usurpari
601 511 671 568 solet,
690 526 743 558 curn
758 517 834 558 status
850 510 876 557 in
894 512 947 559 loco
966 510 1128 575 significatur:
1152 529 1211 562 nam
1229 530 1281 563 cum

192 575 325 623 declaratur
339 583 424 630 motus,
433 581 521 639 proeter
536 575 585 622 dici
595 575 663 622 solet.
679 576 741 622 Nam
757 575 817 622 illud
827 575 853 622 in
869 577 885 622 l.
896 581 920 624 2.
935 574 1104 626 deluderem.
1116 582 1160 626 21.
1183 578 1280 627 Florius

193 640 305 696 Eurotas,
318 640 358 703 qui
368 652 465 703 propter
475 638 667 687 Lacedaemonem
680 639 741 694 fluit,
756 640 792 686 ita
806 655 907 703 magnus
917 648 942 689 et
954 642 1086 689 vehemens
1101 642 1182 691 tactus
1199 652 1245 699 est,
1256 650 1281 689 ut

191 719 221 752 eo
232 704 321 752 traduci
330 704 431 752 rictimae
441 705 506 751 nullo
517 704 586 752 ruodo
593 714 701 766 possent.
711 703 839 752 videndum
850 714 896 763 est,
906 721 937 752 ne
948 708 1060 752 mendum
1069 708 1194 754 contineat
1203 715 1230 755 et
1240 721 1282 771 pro

189 774 286 832 propter
291 774 381 833 preter
391 769 516 832 legendum
528 769 567 825 sit,
580 769 642 815 unde
652 768 813 831 preterfluere
823 770 951 816 conflatum
961 784 1013 818 esse
1021 772 1151 819 constat¹⁴
1168 796 1171 801 ·

483 885 506 930 3.
523 882 627 945 Propter
640 896 713 928 causa
722 881 827 928 efficiens
837 889 879 937 aut
889 881 951 929 finis.
962 883 981 912 ¹⁵

224 963 328 1026 Propter
338 964 476 1025 plerumque
486 977 580 1008 causam
591 960 734 1007 efficientem
744 960 855 1010 declarat.
881 963 932 1010 Cic.
945 963 1018 1011 Brut.
1029 978 1049 1010 c.
1063 965 1103 1012 26.
1123 964 1170 1013 ,Ea
1180 963 1280 1026 suspicio

193 1034 290 1088 propter
305 1029 365 1074 hanc
382 1042 477 1073 causam
495 1026 548 1073 t'nit.
582 1027 621 1073 Id.
637 1041 679 1087 pro
696 1026 766 1073 Raso.
783 1027 838 1074 Am.
853 1043 875 1073 c.
891 1032 915 1076 4.
934 1027 1042 1090 Opprimi
1059 1043 1099 1074 me
1119 1043 1193 1075 onere
1212 1027 1279 1076 officii

192 1091 263 1146 malo.
275 1106 345 1152 quam
354 1091 388 1146 id,
404 1091 467 1152 quod
484 1091 544 1137 mihi
561 1105 616 1136 cum
627 1089 674 1136 fide
690 1092 764 1136 semel
779 1090 915 1152 impositum
931 1098 976 1149 est,
986 1100 1028 1138 aut
1044 1102 1144 1155 propter
1159 1093 1279 1155 perfidiam

192 1154 300 1218 abjicere,
315 1163 356 1203 aut
373 1162 468 1218 propter
483 1155 642 1201 infirmitatem
663 1155 735 1200 animi
754 1156 884 1217 deponere.
916 1154 999 1203 'Ado
1016 1157 1053 1205 lo.
1062 1172 1107 1219 pro
1118 1158 1208 1206 Milon·
1218 1175 1238 1207 o.
1248 1161 1277 1206 22

190 1223 265 1267 etto.

224 1283 346 1330 Interdum
356 1283 429 1330 tinem
438 1282 564 1346 significat.
598 1283 649 1330 Cic.
659 1282 676 1328 l.
688 1287 712 1331 7.
723 1270 778 1333 'Att
788 1299 824 1346 ep.
835 1290 859 1333 5.
874 1284 986 1331 Tironem
1001 1293 1097 1348 propter
1107 1285 1278 1333 humanitatem

192 1355 216 1395 et
227 1348 366 1395 modestiam
375 1347 438 1396 malo
452 1348 550 1410 salvum,
563 1361 633 1409 quam
647 1354 744 1410 propter
760 1363 830 1395 usum
844 1363 931 1396 meum.
964 1349 1013 1397 Ubi
1022 1353 1119 1413 propter
1129 1365 1199 1399 esum
1209 1350 1277 1396 linem

191 1411 304 1461 declarat.
336 1413 375 1461 lo.
387 1413 403 1459 l.
415 1417 439 1462 2.
449 1414 477 1461 de
489 1412 545 1460 Fir.
556 1428 577 1459 c.
589 1415 629 1459 26.
653 1411 767 1459 Amicitia
778 1422 883 1461 exscet
894 1415 1187 1479 propterseexpetenda.
1197 1414 1238 1476 sor
1247 1414 1277 1464 its

193 1492 243 1527 otor
253 1479 317 1526 soloe.
340 1477 456 1541 Exempla
462 1475 595 1540 legentibus
604 1491 652 1523 non
664 1477 759 1524 desunt.

394 1579 420 1624 t.
438 1577 542 1637 Propter
552 1576 618 1622 casui
628 1589 672 1621 suo
684 1590 726 1637 per
736 1576 894 1638 anastrophen
906 1576 1076 1640 postpositum.

224 1656 256 1685 ¹*
268 1656 298 1706 P.
311 1657 363 1704 Cic.
373 1657 399 1705 ir
407 1656 462 1704 Pis.
486 1656 562 1712 Quem
574 1663 674 1719 propter
682 1656 737 1703 urbs
744 1656 844 1703 incensa
851 1671 901 1704 non
911 1664 956 1704 est.

573 1771 605 1800 ⁸*
617 1776 640 1818 6.
658 1772 761 1832 Propter
772 1771 898 1818 omittitur.

227 1854 321 1902 Terent.
331 1851 439 1900 Etruria
450 1855 473 1898 5.
484 1855 508 1900 7.
525 1851 596 1898 Nunc
607 1851 632 1898 id
648 1851 744 1913 prodeo,
760 1859 787 1898 ut
804 1851 944 1899 conveniam
961 1852 1144 1900 Parmenonem.
1154 1854 1173 1902 ι’.
1189 1869 1210 1902 e.
1224 1868 1277 1916 pro-

192 1925 247 1981 pter
256 1918 281 1964 id
293 1915 388 1980 prodeo.
406 1916 463 1965 Lite.
472 1916 489 1962 l.
496 1920 520 1964 6.
528 1931 552 1978 p·
562 1919 620 1964 415.
632 1915 697 1978 Lege
710 1917 735 1964 id
745 1924 771 1963 et
781 1917 837 1979 quid
849 1931 891 1979 pro
901 1932 951 1971 cur,
962 1915 988 1961 id
998 1924 1044 1972 est,
1051 1923 1150 1980 propter
1160 1920 1226 1981 quid.

441 2034 465 2077 6.
482 2030 585 2090 Propter
595 2044 649 2076 cum
663 2029 789 2092 participio
804 2030 917 2093 praeteriti
929 2028 1026 2092 passivi.

226 2114 277 2161 Cic.
291 2113 309 2159 l.
326 2115 348 2159 1.
361 2113 430 2160 Fam·
445 2125 480 2172 ep.
491 2115 514 2158 7.
531 2109 695 2159 Offensionem
709 2126 761 2159 esse
776 2111 932 2174 periculosam
944 2117 1040 2173 propter
1052 2109 1217 2174 interpositam
1233 2127 1278 2160 ttu-

191 2176 309 2224 toritatem
320 2175 505 2237 religionemque
517 2174 593 2222 video.
610 2175 625 2204 ⁸
636 2175 691 2224 Liv.
701 2176 718 2222 l.
729 2184 754 2223 et
765 2193 786 2223 c.
798 2181 838 2224 20.
847 2182 907 2224 extr.
923 2177 1042 2240 (Propter
1052 2175 1079 2223 in
1089 2175 1125 2224 bit
1134 2175 1234 2224 refertur
1244 2178 1278 2225 ad

192 2240 371 2295 substantivum,
384 2240 451 2303 cujus
462 2239 584 2302 epitheton
596 2239 670 2287 estin
680 2241 830 2305 participio.)

223 2359 247 2402 7.
263 2354 369 2415 Propter
381 2367 451 2415 quom
461 2367 520 2415 rem,
529 2351 569 2399 vel
578 2357 675 2415 propter
685 2368 747 2464 prere,⁸
756 2355 792 2400 vel
809 2355 975 2416 propterquod
986 2368 1031 2416 pro
1040 2359 1186 2418 quopropter
1195 2355 1249 2404 fere

319 2436 324 2442 ·
639 2433 682 2464 sun
703 2433 798 2467 rariora.

227 2497 303 2547 Vorro
320 2497 336 2545 l.
348 2503 372 2546 3.
384 2497 417 2544 R.
430 2497 463 2545 R.
480 2514 500 2544 o.
513 2500 552 2544 16.
570 2498 670 2559 Propter
686 2514 757 2561 quam
773 2513 824 2546 rem
834 2499 908 2546 etiam
922 2500 1002 2547 carius
1017 2500 1043 2546 in
1061 2514 1130 2547 sacra
1144 2501 1193 2556 via,
1209 2476 1282 2564 quam

191 2563 248 2618 mel,
265 2562 341 2609 venit.
374 2562 591 2612 Liv.l.os.c.1t.
607 2562 667 2610 Haec
683 2579 716 2617 ex*
731 2563 824 2626 Digitio
844 2570 900 2610 sunt
919 2563 1008 2612 audita.
1024 2565 1124 2626 Propter
1141 2580 1195 2629 que
1212 2567 1281 2618 veriti

191 2629 282 2684 Patres,
299 2642 329 2674 ne
348 2643 395 2690 qua
410 2626 485 2690 major
498 2628 627 2689 ignominia
644 2629 800 2692 acciperetur,
815 2630 907 2690 legatos
926 2630 951 2676 in
968 2629 1140 2677 Macedoniam
1156 2629 1280 2680 miserunt.

191 2692 256 2742 Add.
271 2693 393 2742 Colutttell.
403 2692 420 2741 l.
431 2701 456 2739 et
466 2707 487 2739 c.
498 2698 523 2741 6.

526 2789 537 2813 ⁸
547 2797 571 2840 8.
589 2793 691 2855 Propter
703 2792 745 2840 boe
761 2806 805 2854 pro
814 2796 944 2854 propterea.

229 2873 306 2921 Varro
317 2872 333 2918 l.
345 2875 368 2919 3.
381 2872 413 2919 R.
424 2872 457 2919 R.
467 2888 488 2919 c.
501 2875 540 2919 16.
556 2872 656 2935 Propter
672 2873 717 2920 hoo
735 2872 837 2920 Siculum
852 2872 899 2919 mel
917 2872 964 2919 tert
980 2873 1093 2935 palmam,
1104 2873 1214 2936 quodibi
1224 2876 1279 2940 thy·

192 2952 254 2982 mum
266 2938 353 2984 bonum
370 2943 395 2983 et
410 2936 522 2998 frequens
534 2946 577 2982 est.
613 2939 732 2986 Columell.
743 2939 760 2986 l.
773 2943 795 2986 1.
807 2954 829 2984 c.
840 2941 878 2985 16.
896 2937 995 2998 Propter
1013 2936 1077 2998 quod
1095 2939 1196 2986 torcular
1210 2940 1280 2988 debet

193 3016 207 3047 a
221 3002 351 3048 meridiana
361 3009 427 3062 parte
437 3001 556 3049 illustrari.
590 3003 629 3049 ld.
640 3003 657 3048 l.
667 3007 692 3051 6.
704 3018 726 3049 c.
737 3006 777 3050 32.
802 3001 905 3063 Propter
916 3002 978 3063 quod
989 3001 1095 3048 bitumen
1106 3011 1133 3049 et
1143 3004 1245 3066 sulphur
1251 3007 1279 3051 'et

192 3074 310 3112 veratrum
319 3064 368 3127 pici
374 3064 471 3127 liquide
482 3065 636 3128 exungiaeque
646 3068 722 3113 reteri
732 3068 852 3114 commista
862 3066 914 3129 pari
924 3065 1028 3130 pondere
1040 3067 1208 3130 incoquuutur.
1241 3070 1279 3118 16.

191 3129 332 3178 haema

514 3199 538 3242 9.
557 3196 685 3256 Propterea
701 3198 760 3257 quod
768 3211 777 3252 ;
791 3201 914 3258 propterea
924 3201 959 3244 ut.

227 3274 357 3335 Propterea
368 3287 399 3318 ex
408 3279 503 3336 propter
515 3281 540 3320 et
554 3290 580 3322 ea
590 3275 678 3322 lactum
693 3291 744 3322 esse
756 3284 869 3337 apparet:
887 3283 1012 3340 usurpatur
1029 3291 1071 3337 pro
1084 3277 1181 3332 iccirco,
1192 3283 1218 3323 et
1232 3278 1278 3325 tere

103 3349 120 3397 Ἰ
195 3353 247 3386 cum
262 3341 321 3400 quod
337 3338 415 3385 velut
431 3339 563 3400 copulatur.
599 3340 650 3388 Cic.
662 3341 679 3386 1.
690 3344 713 3385 5.
724 3341 793 3388 Fom.
803 3356 839 3403 ep.
852 3345 890 3389 18.
915 3340 973 3403 Ipse
985 3340 1145 3387 consolandus
1156 3357 1216 3397 sum,
1228 3358 1278 3405 pro·

193 3410 276 3465 pterea
291 3403 354 3465 quod
367 3403 455 3449 nullam
470 3419 521 3449 rem
539 3403 629 3464 gravius
641 3403 691 3466 jam
703 3405 745 3452 diu
755 3405 809 3452 tuli.
827 3407 929 3453 because.
962 3406 1025 3453 Ibid.
1036 3405 1052 3450 l.
1062 3409 1087 3452 9.
1097 3420 1133 3467 ep.
1146 3408 1186 3455 18.
1210 3406 1277 3452 Eram

194 3468 282 3515 otiosus
291 3469 317 3514 iu
325 3468 467 3523 Tusculano,
477 3476 603 3530 propterea
611 3470 675 3531 quod
682 3469 811 3533 discipulos
821 3471 914 3545 obviam
920 3469 1038 3517 miseram.
1071 3471 1110 3518 16.
1123 3471 1140 3516 l.
1151 3474 1175 3518 3.
1186 3472 1216 3520 de
1228 3470 1278 3534 Off.

194 3549 217 3583 c,
228 3538 281 3646 Pieri
289 3537 360 3649 iil&
371 3598 439 3646 From.
449 3613 482 3660 ep.
493 3602 533 3646 68.
558 3596 617 3646 Haec
633 3607 759 3661 propterea
774 3599 867 3662 scripsi,
878 3607 904 3646 ut
914 3613 952 3646 me
962 3613 1010 3644 non
1021 3597 1071 3645 sine
1089 3614 1164 3646 causa
1176 3599 1278 3647 laborare

193 3662 347 3725 intelligeres.
380 3663 419 3710 Id.
434 3677 477 3724 pro
496 3663 580 3725 Ligur.
599 3681 620 3711 c.
633 3667 656 3711 3.
673 3664 732 3711 Haec
750 3672 874 3728 propterea
891 3664 921 3712 de
939 3678 978 3710 me
994 3662 1051 3718 din,
1067 3672 1095 3709 ut
1111 3664 1173 3711 mihi
1188 3664 1280 3713 Tubero

136 3774 139 3779 .
193 3727 335 3790 ignosceret.
350 3727 364 3756 *
375 3726 440 3775 Add.
451 3729 489 3776 ld.
500 3729 517 3777 l.
528 3733 551 3777 2.
563 3730 592 3778 tle
605 3730 658 3794 Off.
669 3746 691 3777 c.
702 3733 742 3778 23.

229 3937 248 3967 ¹⁴
264 3938 316 4002 Ego
326 3938 399 3986 nolim
410 3937 524 3991 dubitare,
541 3938 599 3999 quin
614 3943 709 3999 propter
724 3936 844 3985 interdum
855 3919 1004 4000 ponetirpro
1012 3942 1111 4000 praeter.
1135 3936 1239 3986 Hirtius
1248 3936 1280 3985 B.

197 3999 254 4058 Asc.
266 4018 287 4049 c.
299 4007 339 4051 73.
350 4006 393 4066 66.
411 4003 512 4064 Propter
522 4003 621 4049 hostium
638 4013 715 4048 castra
725 4010 913 4065 pretergressus,
928 4018 994 4067 aequo
1003 4003 1057 4049 loco
1067 4001 1153 4049 invitat
1171 4001 1204 4050 ad
1215 4002 1280 4050 dini-

196 4064 308 4112 candum.
325 4069 410 4116 Pher.
420 4068 438 4112 l.
449 4069 473 4113 2.
477 4067 532 4126 sub.
543 4072 567 4114 6.
599 4065 671 4113 Venit
688 4081 730 4128 per
740 4081 806 4114 auras
821 4067 913 4123 cornix,
924 4074 949 4115 et
959 4074 1054 4131 propter
1064 4067 1155 4131 rolens,
1170 4067 1281 4130 Opimam

197 4145 254 4177 sane
265 4132 368 4193 praedatn
379 4131 478 4193 rapuisti
487 4131 613 4194 unguibus.
623 4130 715 4193 (inquit
724 4131 784 4192 ret.)

229 4195 249 4226 ¹⁵
262 4195 342 4244 Etiam
358 4195 388 4243 de
401 4197 510 4259 personis
525 4211 568 4258 pro
580 4210 630 4259 per.
665 4196 716 4242 Cic.
727 4195 743 4242 l.
754 4200 778 4243 7.
789 4196 858 4244 Fam.
869 4211 904 4258 ep.
915 4199 955 4244 27.
967 4197 980 4260 6
990 4201 1014 4245 t.
1037 4197 1089 4251 Me,
1105 4204 1205 4260 propter
1215 4210 1283 4260 quent

187 4263 270 4312 careri
289 4263 358 4312 liberi
374 4268 441 4321 sunt,
458 4261 503 4310 tibi
519 4262 624 4310 liberum
636 4274 688 4306 nou
703 4259 782 4307 risum
802 4260 915 4307 damnor.
948 4263 987 4310 16.
998 4276 1041 4322 pro
1061 4262 1129 4310 Rosc.
1139 4262 1198 4313 Ara.
1213 4279 1235 4312 c.
1245 4262 1286 4312 22.

176 4329 287 4397 Propter
297 4349 361 4401 quos
376 4333 440 4381 hanc
454 4328 623 4381 suavissimam
632 4325 717 4375 lucem
725 4324 859 4389 aspexerit.
