2670 4636
116 272 218 349 υ...]
462 267 517 328 nr
550 263 790 326 nannenus
810 275 868 330 uc.
1145 275 1208 334 ua

511 417 552 462 81.
570 413 605 464 Ut
616 412 735 461 omittitur
745 427 818 476 eoepe.

142 495 270 543 omittitur
287 495 360 543 etium
370 499 396 544 at
414 494 534 542 interdum
549 502 605 557 poet
618 493 691 541 verbe
704 494 821 556 quodem,
832 492 959 559 attulere,
977 509 1053 554 mre,
1070 511 1162 548 mouere
1179 505 1206 548 et

111 559 168 619 alie,
179 575 232 624 quce
242 560 267 608 in
278 560 386 624 legendis
398 560 465 608 bunia
476 560 612 608 auctoribue
621 559 692 607 facile
702 559 878 623 observantur.)
932 624 942 641 κ

541 705 617 772 §IIL
634 704 791 757 Urcuuoun.

146 790 171 835 1.
191 788 315 851 Utcunque
325 796 363 836 eet
376 789 584 850 quomodocunque.
619 787 670 835 cu.
686 787 704 835 l.
717 790 740 836 1.
751 787 780 835 cic
793 787 846 851 Off.
856 803 879 835 c.
888 789 929 836 87.
952 786 1002 835 Sed
1016 796 1136 853 utcunque
1148 790 1204 838 ede·

110 859 168 900 runt
177 868 223 901 ree.
255 857 295 902 Iu.
304 855 330 902 in
343 855 415 903 Orat.
426 869 448 901 c.
461 858 499 903 17.
517 852 643 901 Perfectus
652 859 731 900 orator
739 857 858 914 utcunque
870 866 896 900 ee
905 851 1018 901 effectum
1026 854 1110 911 rideri,
1118 864 1144 902 et
1152 857 1206 906 uni·

112 931 178 963 muni
189 919 309 966 audientis
321 919 411 966 moveri
421 919 494 973 volet,
505 917 539 965 ite
554 925 646 966 certum
657 915 721 965 vocis
739 916 875 966 admovebit
889 932 983 966 conum.

146 981 214 1032 '‘2.
227 983 258 1030 1).
279 985 401 1047 Utcunque
410 998 454 1046 pro
464 985 654 1045 quandocunque.
669 981 758 1031 Horat.
772 984 837 1046 epau.
850 986 889 1031 17.
906 981 1034 1046 Utcunque
1049 983 1114 1032 tortis
1125 985 1207 1034 exsilis

112 1061 276 1162 pust-penten
297 1113 421 1174 Utcunque
437 1126 481 1174 pro
496 1111 635 1174 ubicunque.
669 1111 759 1158 Horat.
780 1109 797 1157 l.
814 1115 839 1160 4.
848 1112 887 1160 od.
898 1116 923 1162 4.
945 1110 1073 1177 Utcunque
1096 1113 1208 1165 deiecere

112 1190 200 1234 morae,
213 1177 368 1226 Dedecorunt
377 1178 438 1224 bene
447 1186 503 1224 netu
514 1177 598 1242 culpe.
632 1175 699 1240 Lege
713 1176 746 1224 Ut
757 1177 860 1238 proeli.

373 1298 375 1301 “
405 1292 420 1322 ’
433 1296 456 1341 4.
477 1288 706 1354 Utcunque-culo:
723 1289 915 1351 utcunque-ito.

149 1373 231 1422 Plaat.
252 1373 325 1436 Epiri.
336 1377 360 1421 1.
374 1377 397 1420 1.
420 1372 547 1434 Utcunque
567 1373 593 1419 in
612 1371 661 1420 alto
681 1376 767 1417 ventus
788 1378 834 1425 eet,
854 1371 908 1418 exin
927 1369 1007 1419 velum
1028 1372 1135 1420 vertitur.
1169 1372 1209 1422 tc.

114 1437 310 1489 Brutoque.
334 1438 423 1487 Pectus
440 1438 478 1489 cui
500 1437 570 1499 eupit,
587 1436 662 1483 bonus
682 1436 713 1483 eit
733 1434 811 1497 bonis,
833 1435 908 1484 orelue
927 1434 960 1485 eit
975 1437 1054 1495 malie,
1078 1436 1209 1502 Utcunque

112 1517 152 1551 ree
170 1503 209 1560 eit,
220 1502 255 1552 itu
265 1503 368 1550 animum
381 1503 475 1550 hebeat.
510 1502 562 1550 Cic.
577 1503 646 1550 Orat.
657 1515 678 1547 c.
691 1504 730 1548 17.

503 1601 517 1630 ⁰
529 1605 554 1648 5.
574 1601 818 1662 Utcunque-tamea.

149 1680 234 1729 Liuius
245 1682 323 1743 Praes.
334 1683 374 1730 lib.
392 1686 416 1730 l.
445 1680 573 1742 Utcunque
591 1680 644 1734 erit,
659 1677 755 1743 jurabis
774 1686 854 1724 temen
865 1692 943 1727 rerum
959 1686 1077 1743 gestarum
1088 1680 1209 1729 memoriae

116 1745 232 1810 principie
247 1755 360 1796 terrarum
370 1746 454 1812 populi
469 1761 512 1809 pro
524 1745 586 1793 virili
596 1753 662 1807 parte
672 1758 711 1790 me
723 1743 880 1791 consuluisae.

443 1842 461 1873 ¹·
471 1848 495 1893 a.
516 1841 876 1908 Utcunque-eicc-eeu—ecu.

151 1924 263 1974 Liviuel.
274 1930 315 1975 45.
326 1941 348 1973 c.
360 1931 384 1975 8.
401 1926 530 1987 Utcunque
548 1933 627 1972 tamen
646 1924 705 1979 hnc,
723 1923 773 1970 eive
786 1938 864 1969 errore
880 1923 993 1986 humano,
1011 1939 1054 1971 eeu
1075 1939 1143 1989 casu,
1167 1940 1211 1974 eeu

116 1990 261 2037 necessitate
286 1990 429 2046 inciderunt.
451 1992 540 2038 bonum
560 1990 663 2039 animum
685 1988 754 2036 habe.
785 1987 901 2036 Similiter
921 1988 960 2036 14.
978 1989 995 2035 1.
1014 1993 1054 2038 82.
1072 2005 1094 2036 ο.
1111 1993 1136 2038 8.
1162 1990 1210 2038 Sed

115 2062 238 2115 utcunque
250 2071 293 2104 eeu
308 2056 412 2120 injuncte
420 2070 462 2103 seu
476 2063 589 2118 suspecta
604 2054 667 2102 foret
681 2053 772 2110 militie.
786 2059 812 2102 et
825 2066 878 2100 eum
892 2054 1068 2104 exuamumet
1084 2055 1157 2103 finem
1166 2056 1211 2104 uli·

116 2134 189 2185 quem
199 2119 319 2173 militandi
330 2121 382 2171 fieri
392 2135 485 2188 aequum
495 2135 549 2170 cese
560 2119 663 2168 dicebat.

536 2309 649 2362 CAPUT
675 2307 788 2361 CCXCI.

314 2443 364 2503 Dc
379 2442 611 2502 Pronomluibue
627 2441 719 2501 Urna
732 2449 760 2501 ct
776 2441 949 2513 Urnnoun,
962 2449 1016 2502 cet.

151 2587 199 2699 ῖΙ.
215 2590 239 2634 1.
250 2586 327 2634 Ureu
339 2588 370 2635 de
382 2587 475 2635 duobus
485 2586 623 2649 disjunctim
641 2587 735 2636 dicitur.
761 2588 963 2652 Cic-proRabt'r.
976 2588 1051 2638 Peru.
1062 2603 1084 2637 c.
1094 2592 1118 2639 4.
1145 2590 1212 2649 Qua·

117 2668 158 2703 mo
175 2668 223 2699 rem
240 2661 295 2699 nter
309 2661 415 2700 nostrum
430 2653 535 2712 tandem,
555 2652 671 2708 Labiene,
688 2651 809 2716 popular-ie
823 2660 869 2709 eet,
884 2661 943 2700 tune
961 2668 991 2701 un
1011 2654 1077 2717 ego?
1092 2655 1169 2704 utut
1185 2655 1217 2715 of

118 2719 159 2767 tbc
170 2724 216 2766 troo
226 2717 249 2764 ie
258 2732 321 2765 more
330 2719 436 2780 popular,
462 2733 491 2765 ou
501 2731 530 2763 cr
541 2717 556 2765 1
563 2714 576 2766 l
594 2717 632 2765 tu.
641 2717 734 2765 Purtlt.
744 2733 765 2764 c.
777 2720 818 2765 88.
834 2717 896 2765 Uter
907 2719 969 2765 enirn
980 2717 1116 2767 definiendo
1123 2721 1212 2769 deecri.

118 2784 245 2846 bendoque
256 2781 329 2828 verbo
340 2784 414 2844 magis
423 2733 559 2829 clientum
568 2779 657 2843 judicie
669 2783 852 2845 opinionemque
862 2784 1000 2846 penetrarit,
1010 2791 1036 2830 et
1043 2791 1098 2832 uter
1106 2785 1137 2833 ad
1147 2801 1213 2834 coru-

118 2863 213 2895 munem
224 2846 289 2893 verbi
300 2847 350 2894 vim
360 2846 435 2910 magis
450 2861 478 2894 ac
488 2845 587 2909 propius
598 2848 734 2902 accesserit,
748 2846 861 2895 ievincet
873 2862 971 2896 neceeee
984 2858 1027 2897 est.
1060 2851 1099 2898 ld.
1112 2853 1127 2898 8
1142 2851 1212 2901 Vm·

118 2928 141 2960 c.
154 2917 193 2960 14.
214 2911 239 2958 Si
250 2918 304 2958 uter
320 2911 393 2973 volet,
410 2911 490 2966 edicit,
511 2917 723 2973 eerecuperatoree
740 2911 856 2961 daturum.
891 2914 930 2963 14.
940 2913 966 2961 in
980 2915 1051 2963 Orat.
1061 2931 1082 2963 c.
1091 2918 1132 2963 71.
1159 2915 1212 2965 Re·

117 2978 219 3040 perlem,
229 2977 272 3039 qui
281 2975 347 3026 dicet
355 2985 397 3028 eut
407 2976 504 3033 scribet,
515 2977 641 3027 utruvolee
648 2976 739 3038 lingue.

592 3072 752 3138 (admonitio.

152 3159 250 3207 Dicitur
267 3159 338 3206 etiarn
355 3162 409 3205 uter
424 3169 466 3267 pro
482 3153 572 3204 uteraie
587 3170 626 3218 ep.
639 3155 692 3204 Cic.
701 3157 730 3205 dc
743 3154 797 3220 Off.
808 3155 825 3205 l.
837 3158 862 3204 8.
871 3171 893 3204 c.
904 3161 945 3208 28.
966 3155 1046 3206 Sibine
1056 3164 1110 3207 uter
1124 3159 1213 3225 rapiet,

118 3239 149 3272 un
160 3225 219 3274 ulter
229 3225 299 3274 cedet
310 3221 385 3271 elteri.
395 3221 427 3268 ub
446 3235 470 3268 v.
482 3220 528 3270 Fr.
540 3219 685 3283 Fabricius.)

578 3318 594 3349 ¹⁸
603 3321 628 3368 2.
648 3317 771 3368 vtes-u.

152 3405 207 3453 lio.
218 3403 234 3451 l.
245 3408 269 3452 2.
277 3418 300 3451 c.
310 3406 350 3451 87.
362 3401 486 3448 Senatueu
494 3413 520 3447 oe
528 3413 580 3446 rem
590 3399 621 3447 ad
629 3400 742 3462 populum
752 3396 853 3460 rejecit:
870 3398 915 3447 utri
925 3415 1007 3448 eornm
1017 3399 1136 3450 dedicatio
1141 3403 1212 3468 jum

120 3469 204 3531 populi
212 3468 267 3515 dete
276 3476 348 3523 esset,
359 3482 415 3514 eum
425 3479 528 3528 prueeeee
543 3479 652 3519 annonae,
663 3472 820 3512 mercatorum
835 3464 961 3527 collegium
979 3466 1113 3526 instituere,
1132 3468 1212 3518 eolen·

118 3535 160 3582 uie
169 3549 214 3597 pro
224 3533 340 3581 Pontifice
346 3531 419 3595 jueeit
435 3530 563 3593 suscipere.
595 3528 662 3576 Add.
675 3530 712 3578 tu.
724 3529 740 3576 l.
751 3533 775 3576 8.
787 3545 808 3578 c.
821 3533 860 3580 tu.
872 3541 897 3578 et
906 3531 923 3577 1.
934 3533 973 3579 81.
984 3546 1006 3580 c.
1016 3536 1057 3582 82.

550 3630 575 3677 8.
594 3627 656 3677 Uter
669 3625 790 3674 iteratum.

156 3713 216 3761 Uter
225 3711 342 3759 interdurn
356 3709 463 3758 iteratur.
498 3708 576 3757 Cic-l.
589 3710 612 3755 1.
623 3709 651 3757 de
663 3705 716 3770 Off.
728 3722 749 3754 c.
761 3710 800 3756 12.
824 3705 886 3755 Cum
896 3705 1031 3766 Celtiberia,
1043 3726 1098 3759 cim
1108 3711 1214 3763 OEmbri.

119 3776 217 3833 bellum,
233 3783 262 3824 ut
275 3792 329 3824 cum
345 3775 447 3823 inimicia
458 3773 589 3838 gerebatur,
601 3778 655 3819 uter
672 3778 746 3836 eeeet,
762 3787 812 3820 aon
828 3779 883 3821 ater
898 3773 1034 3836 imperaret.
1066 3776 1106 3824 Iu.
1116 3778 1134 3826 l.
1145 3783 1170 3828 2.
1181 3781 1211 3830 cte

122 3845 216 3891 queut.
227 3858 248 3891 c.
260 3847 300 3890 48.
325 3841 385 3889 Utra
395 3840 436 3887 lex
442 3840 526 3904 jubent
544 3836 643 3901 aliquid,
654 3845 708 3884 utre
724 3838 855 3900 permittat.
883 3838 1074 3902 Id.proM2'l.c.
1090 3846 1114 3890 8.
1140 3842 1211 3893 Reli.

120 3923 193 3970 quum
204 3913 243 3954 cst
248 3906 352 3971 judices,
365 3914 393 3953 ut
403 3905 462 3952 nihil
468 3905 519 3969 jam
527 3902 591 3950 eliud
598 3916 703 3964 querere
713 3901 828 3958 debeatis,
839 3901 887 3950 nisi
895 3910 949 3951 uter
960 3904 1006 3951 utri
1014 3905 1109 3953 incidiae
1118 3907 1211 3958 fecerit.

123 3976 185 4021 Cres.
197 3972 212 4019 Ι.
224 3977 247 4018 ti.
259 3975 288 4021 de
295 3972 328 4021 Β.
343 3973 376 4020 G.
386 3987 408 4018 c.
419 3974 460 4018 44.
488 3968 523 4017 Ut
532 3982 610 4030 neque
620 3966 744 4030 dijudicari
755 3974 846 4030 posset,
856 3975 909 4015 nter
920 3968 968 4016 utn'
980 3970 1064 4018 virtute
1075 3974 1210 4024 anteferen.

120 4037 164 4086 due
174 4037 300 4085 videretur.
332 4036 411 4084 'adu
427 4035 484 4086 Iulo.
497 4034 514 4085 l.
529 4037 553 4085 1.
564 4048 586 4080 c·
595 4036 637 4081 24.
648 4038 673 4080 et
683 4034 699 4079 Ι.
708 4036 750 4082 48.
761 4047 784 4080 c.
794 4037 836 4082 bb.

528 4134 554 4182 4.
572 4132 635 4180 Uter
644 4145 699 4179 cum
711 4130 798 4180 ultera.

152 4216 224 4264 Aliae
242 4231 297 4264 cum
312 4217 389 4264 altero
404 4212 536 4277 copulatur.
571 4212 622 4261 Cic.
635 4227 680 4275 pru
695 4212 765 4261 Sext.
781 4227 802 4259 c.
813 4214 854 4259 42.
871 4211 963 4260 Horum
976 4219 1031 4262 utro
1043 4215 1080 4263 nti
1094 4216 1210 4281 nolimus,

118 4283 193 4330 attero
210 4288 248 4329 eet
257 4281 380 4329 utendum.
398 4294 435 4329 wc
447 4294 503 4343 my
517 4278 609 4342 emploq
625 4277 655 4337 cs
668 4278 709 4326 tto
723 4283 773 4326 two
791 4277 921 4328 ubicbeeer
937 4292 974 4327 ecc
991 4281 1077 4342 uem,
1095 4298 1131 4333 ecc
1147 4291 1212 4338 uiuet

117 4349 225 4398 boweccr
234 4349 323 4411 onploq
340 4360 391 4395 cuc.
424 4345 440 4375 ⁵
451 4343 553 4395 Velleiee
567 4342 582 4391 l.
594 4346 618 4392 8.
628 4358 651 4392 c.
661 4346 702 4392 88.
719 4342 780 4392 Uter
790 4343 894 4408 populna
903 4343 973 4393 elteri
983 4345 1099 4407 peritum
1107 4348 1177 4400 emt.
