2670 4636
117 224 179 296 sto
433 230 603 292 eonarrr
632 226 873 290 runssmmr
1149 238 1207 315 [oe

120 381 173 430 cic.
184 380 202 428 l.
212 385 237 430 4.
250 381 317 432 Fam.
324 394 360 444 ep.
371 384 410 429 14.
430 378 553 428 secandas
569 379 640 427 etiam
650 393 688 427 res
703 384 803 434 nostras,
819 393 868 426 non
879 377 950 426 modo
967 375 1079 426 64666666
1097 377 1209 441 pertime-

119 446 224 494 scebam.
258 446 373 495 16112.
390 459 425 507 ep.
435 445 478 492 ult.
498 443 584 490 Vultus
594 453 648 491 tuos
658 444 716 490 mihi
728 444 844 505 expressit
853 458 942 496 omnes,
957 458 1005 491 non
1017 445 1094 490 solum
1105 442 1209 492 animum

118 522 146 559 ac
158 512 230 559 verba
246 511 350 574 pertulit.
383 510 445 557 Nam
464 508 628 558 illudenti.
641 525 676 572 ep.
686 513 727 558 29.
747 511 811 557 Erat
823 509 885 558 euim
901 510 975 557 multo
984 509 1131 557 domicilium
1140 509 1209 569 iujos

118 576 185 625 arta
200 576 278 638 aptius
295 575 437 624 humanitati
452 579 500 624 tae
510 590 580 637 quarn
591 574 774 638 Peloponnesus,
793 575 878 623 664666
896 573 988 629 Petra,
1000 572 1098 622 tacitam
1116 572 1210 621 videtur

118 641 270 702 negotionem
281 640 411 688 continere.

151 706 247 754 Nedum
263 720 324 752 raro·
334 710 460 768 usurpatur
474 704 499 750 in
519 703 689 766 principiopro
700 703 840 758 6614416646,
858 708 955 751 aotam
965 704 1042 751 modo.
1070 702 1208 752 samono

120 769 173 818 Cio.
184 770 201 816 1.
212 773 236 817 9.
245 769 301 820 Aac.
312 784 349 832 ep.
361 774 384 816 8.
401 768 498 816 Nedum
509 769 629 815 {nominum
648 767 781 823 humilium,
801 775 828 814 ut
846 781 890 814 nos
908 782 997 821 sumus,
1013 767 1055 815 sed
1077 767 1149 815 etiam
1160 769 1206 815 amss

115 834 274 896 plissimorum
283 834 384 881 vitemur
393 835 492 880 utinsilia
498 849 529 880 ex
536 841 632 885 eventu,
641 848 689 879 non
698 847 729 879 ex
736 833 857 879 voluntate
869 831 1011 893 aplerisque
1020 832 1117 895 probari
1124 832 1208 879 661664.

116 898 222 961 (hamt.
237 904 275 948 16.
286 914 321 961 ep.
334 905 372 948 16.
400 900 445 953 To,
459 899 572 959 quoniam
590 905 703 959 quartana
719 912 794 951 cares,
814 905 838 943 et
855 895 945 944 nedum
956 897 1062 944 morbum
1080 896 1208 953 removisti,

116 965 158 1010 sed
170 963 242 1011 etiarn
258 963 408 1026 gravedinem
428 970 471 1010 etc.
490 963 539 1011 vid.
550 963 668 1025 egregiam
684 961 875 1008 observationem
886 962 1011 1009 Drohenb.
1029 961 1060 1008 nd
1071 961 1207 1010 146416.

115 1042 138 1074 6.
149 1032 189 1076 32.
214 1028 268 1075 644.
282 1029 387 1077 Crevier.
401 1027 432 1075 ad
443 1028 498 1076 Lis.
509 1029 526 1075 1.
537 1031 577 1075 45.
587 1043 608 1074 6.
618 1032 658 1076 29.
676 1027 718 1073 661
734 1034 813 1073 tamen
830 1028 915 1076 nedum
930 1025 1071 1074 ordinariam
1089 1026 1206 1089 significa·

114 1092 205 1140 tionem
216 1092 308 1141 videtur
319 1093 406 1140 habere
417 1092 510 1156 posse.)

349 1186 376 1234 '⁴
387 1209 427 1254 24.
444 1207 540 1257 Nedum
549 1213 604 1268 post
615 1221 679 1266 aegre
688 1205 727 1253 vel
738 1206 789 1262 vix,
801 1206 839 1253 vel
849 1206 956 1254 eisdam

147 1287 204 1336 nso.
215 1288 232 1334 1.
241 1290 264 1334 6.
276 1291 328 1334 6.1.
357 1287 430 1349 AEgre
440 1287 535 1334 inermis
552 1294 619 1334 tanta
629 1288 766 1343 multitudo,
784 1287 873 1334 nedum
890 1294 987 1342 morata,
998 1283 1110 1333 sustineri
1119 1290 1206 1347 potest.

41 1379 45 1395 .
114 1352 132 1399 l.
144 1355 183 1400 34.
194 1366 216 1398 6.
226 1356 267 1400 26.
294 1352 342 1399 Vir
353 1352 477 1399 clamorem
495 1367 584 1409 eorum,
601 1351 690 1399 nedum
704 1353 822 1414 impetum
837 1351 972 1398 Suessetani
989 1352 1074 1398 461666.
1109 1349 1126 1396 1.
1136 1354 1177 1397 35.
1187 1365 1208 1396 6.

115 1420 157 1465 43.
179 1417 227 1464 Vix
244 1417 275 1464 ad
286 1416 403 1464 Graecianr
419 1415 506 1463 nudam
517 1418 680 1480 occupandam
691 1417 748 1463 satis
760 1415 888 1478 copiarum,
901 1416 989 1462 nedum
1000 1416 1029 1460 ad
1047 1412 1207 1461 sustinendum

116 1480 251 1529 1166666666
259 1482 355 1530 bellum.
382 1482 399 1529 1.
409 1485 448 1530 24.
457 1497 477 1528 6.
485 1486 510 1530 4.
523 1482 553 1528 16
561 1481 642 1529 Sicilia
649 1496 748 1542 regnum
756 1483 785 1528 64
796 1480 966 1543 Hieronymum
976 1487 1088 1541 nepotem
1097 1477 1208 1526 Hieronis

114 1548 262 1604 translatum,
272 1561 372 1610 puerum
381 1545 479 1593 vixdum
489 1547 633 1601 libertatem,
648 1547 737 1594 nedum
751 1545 938 1593 dominationem
948 1542 1043 1591 modice
1054 1544 1168 1591 laturum.

550 1676 562 1700 ⁸
573 1679 612 1726 28.
625 1678 720 1726 Nedum
730 1682 766 1725 ut.

147 1753 203 1803 tio.
212 1751 229 1803 l.
240 1760 265 1806 8,
276 1772 298 1804 6.
307 1759 346 1804 14.
358 1762 417 1804 extr.
443 1756 550 1813 Tribuni,
565 1757 650 1806 reiecti
667 1758 692 1805 16
703 1757 866 1820 insequentem
879 1771 975 1812 annum,
993 1770 1024 1802 ne
1040 1770 1101 1804 voce
1112 1752 1208 1817 quidem

113 1816 271 1877 incommoda,
282 1820 371 1868 nedum
389 1830 416 1870 64
434 1823 484 1870 6116
493 1822 530 1870 vis
544 1823 619 1880 fieret,
639 1822 753 1886 paulatim
768 1821 937 1885 permulcendo
955 1819 1128 1883 mactandoque
1142 1833 1208 1866 man·

112 1884 264 1932 sueiecerant
274 1886 379 1948 plebem.

444 2004 485 2050 29.
504 2001 544 2050 Ne
554 1999 658 2063 quidest,
668 2015 712 2063 pro
722 2014 764 2049 aec
774 2001 875 2062 quidem.

149 2078 190 2128 Ne
203 2078 296 2143 quidem
312 2089 438 2144 usurpatur
456 2097 498 2143 pro
518 2096 561 2130 neo
581 2082 683 2145 quidem.
701 2097 756 2130 cum
777 2080 888 2143 negando
906 2078 999 2142 aliquid
1017 2092 1136 2140 augemus.
1168 2075 1210 2139 (v.
1233 2129 1241 2143 .

18 2204 20 2208 Α
114 2141 177 2191 intra
195 2143 221 2209 in
239 2145 406 2207 6666614666.)
440 2148 533 2205 01664
543 2146 598 2195 Ati.
615 2147 664 2204 Ne,
674 2146 694 2193 si
703 2146 776 2194 velim
785 2147 890 2208 quidem,
901 2145 926 2193 id
937 2146 1017 2194 466666
1028 2157 1128 2208 possem.
1145 2156 1210 2192 were

116 2207 198 2256 16666
209 2209 302 2270 otttmg
311 2215 335 2258 to
346 2211 375 2256 du
385 2210 414 2266 it,
428 2211 520 2259 166644
530 2217 580 2259 664.
614 2211 652 2259 ld.
670 2210 856 2260 3066411616.
883 2209 955 2258 Ultus
964 2217 1003 2257 est
1018 2207 1088 2271 hujus
1102 2205 1210 2272 rictoriae

115 2270 282 2320 crudelitatem
292 2280 376 2335 postea
382 2275 456 2338 Sylla,
467 2289 498 2321 ne
509 2275 557 2323 dici
567 2273 664 2336 quidem
675 2291 735 2337 opus
742 2283 788 2332 est,
798 2282 886 2338 quanta
893 2290 948 2322 cum
956 2274 1106 2321 dimicatione
1114 2271 1210 2319 civium.

115 2335 133 2382 l.
144 2339 169 2383 6.
181 2336 234 2385 Ate.
243 2352 279 2400 ep.
291 2341 313 2385 l.
330 2338 410 2394 Quam
420 2339 444 2386 id
454 2345 548 2387 rectum
558 2339 599 2394 sit,
616 2346 642 2386 46
649 2337 785 2402 judicabisr
803 2356 833 2387 ne
846 2341 874 2386 ad
886 2340 1003 2388 Catonern
1013 2337 1111 2399 quidem
1124 2351 1210 2398 proeo-

115 2399 183 2448 cabo.
216 2402 234 2448 1.
245 2406 268 2450 1.
279 2404 308 2450 de
320 2403 378 2452 Not.
389 2405 464 2452 Deo.
475 2420 497 2452 c.
509 2409 550 2453 29.
567 2403 606 2451 Ν6
621 2405 692 2452 fando
708 2404 804 2466 quidem
816 2405 924 2452 anditum
941 2412 986 2458 est,
1003 2401 1150 2450 crocodilum
1170 2407 1211 2447 664

113 2464 174 2523 ibim
185 2472 226 2513 aut
236 2464 308 2533 selem
318 2467 431 2516 uiolatum
441 2469 471 2515 ab
482 2469 615 2532 AEgyptio.
640 2470 691 2518 Pro
702 2469 785 2517 Deiot.
797 2485 819 2516 6.
830 2473 868 2517 ts.
885 2469 1012 2516 Deiotarus
1023 2480 1148 2529 nunquam
1157 2480 1211 2511 suc·

116 2531 213 2578 cumbet
222 2531 333 2585 inimicis,
346 2547 377 2580 ne
395 2533 495 2581 fortunae
507 2535 611 2595 quidem.
644 2534 682 2582 Id.
695 2533 711 2581 l.
725 2539 747 2581 1.
757 2535 786 2581 46
799 2533 850 2596 Off.
861 2550 882 2582 c.
893 2537 933 2582 24.
951 2533 973 2579 11
992 2533 1075 2594 gloriae
1092 2529 1211 2592 jacturam

114 2611 146 2642 ue
158 2595 278 2643 minimam
289 2596 385 2659 quidem
401 2599 480 2646 iacere
491 2601 590 2654 vellent,
601 2615 632 2646 ne
644 2597 767 2662 iepublica
778 2599 872 2660 quidem
883 2598 1027 2660 postulante.
1061 2596 1113 2644 Pro
1123 2595 1180 2642 Mil.
1188 2609 1211 2642 c.

117 2664 157 2708 lt.
173 2659 235 2724 Ergo
246 2660 282 2708 illi
294 2678 323 2709 ue
335 2678 405 2710 causa
417 2663 514 2726 quidem
524 2663 623 2719 itineris,
636 2663 706 2711 etiam
724 2678 796 2710 66666
808 2663 925 2711 moriendi.
956 2666 971 2710 3
986 2663 1055 2710 Verr·
1067 2676 1088 2706 c.
1098 2664 1139 2708 66.
1156 2658 1212 2706 Non

116 2727 306 2788 pretereundum
317 2736 362 2785 est,
374 2743 405 2775 ne
413 2727 440 2775 id
451 2727 556 2790 quidem.
569 2730 662 2778 neither
670 2733 732 2776 must
741 2729 793 2778 41464
803 2728 830 2778 46
839 2729 923 2792 possed
933 2741 986 2776 oser
998 2726 1023 2774 in
1032 2725 1129 2775 silence.

588 2843 735 2895 Admonitio.

128 2955 130 2960 ,
152 2922 192 2972 Ne
208 2938 263 2971 curn
280 2923 373 2986 quidem
386 2923 421 2970 146
434 2922 591 2988 conjungitur,
610 2931 637 2971 ut
651 2939 744 2987 semper
761 2924 858 2970 verbum
867 2919 964 2983 aliquod
975 2919 1147 2984 interponatur.

150 2986 182 3016 ⁴*
197 2989 338 3036 Guiiielmas
354 2996 432 3034 tamen
451 2990 579 3037 Insultans
595 2989 723 3050 Menapios
741 2989 756 3035 1.
767 2993 790 3036 l.
802 3004 823 3035 6.
834 2992 873 3035 34.
885 2987 982 3034 066666.
994 2983 1032 3031 616
1048 2985 1138 3047 reperit
1149 2980 1213 3047 apud

121 3050 263 3107 Ciceronem,
281 3053 345 3106 inter
355 3069 385 3101 ne
395 3061 420 3098 64
430 3055 524 3114 quidem
533 3052 594 3099 nihil
612 3053 728 3100 interesse
742 3054 757 3100 1.
770 3057 793 3098 l.
803 3055 831 3100 de
844 3052 904 3099 Not.
916 3051 990 3098 Deor.
1002 3065 1024 3096 c.
1036 3053 1076 3098 24.
1101 3049 1164 3095 Nam
1182 3048 1213 3094 de

119 3114 169 3160 vita
184 3116 255 3162 66646
270 3118 304 3162 611
320 3131 433 3179 repugno,
449 3132 519 3180 quam
531 3127 557 3163 tu
571 3117 598 3163 in
613 3117 668 3163 Deo
686 3132 716 3163 ne
730 3116 827 3179 quidem
841 3131 894 3162 esse
905 3129 998 3174 censes,
1015 3113 1061 3159 nisi
1080 3114 1151 3175 plane
1164 3112 1215 3159 otio

120 3178 159 3224 lan
178 3180 267 3226 6664.14
299 3181 331 3226 Et
343 3186 357 3228 5
370 3180 477 3244 Philipp.
487 3198 508 3228 6.
516 3185 539 3229 9.
556 3181 613 3230 Non
629 3180 698 3228 modo
708 3181 738 3227 de
751 3180 851 3226 fortunis
862 3188 888 3225 et
898 3180 929 3224 de
941 3178 1007 3224 bonis
1020 3177 1117 3231 civium,
1129 3177 1171 3224 sed
1182 3190 1214 3222 66

119 3194 216 3304 quidem
233 3244 263 3290 de
279 3245 382 3292 utilitate
393 3259 436 3292 sus
447 3247 617 3308 cogitaverunt.
649 3245 728 3292 Scurel
746 3243 816 3291 etiam
828 3243 891 3305 apud
902 3244 957 3292 Lis.
970 3243 986 3288 1.
999 3245 1024 3291 8.
1041 3242 1107 3291 Batt.
1118 3243 1216 3291 14166641.

121 3475 218 3526 satiens
232 3483 335 3533 teneret,
352 3472 442 3524 nedum
459 3475 570 3525 adversus
586 3477 694 3539 patriam,
715 3477 745 3524 ad
760 3476 905 3538 colloquium
922 3476 1045 3538 processit.
1078 3475 1118 3524 14.
1129 3476 1145 3524 l.
1153 3480 1179 3525 9.
1193 3491 1217 3524 6.

122 3546 163 3591 18.
178 3541 279 3590 Referre
290 3542 315 3589 16
327 3549 396 3589 46646
413 3556 471 3605 rege
488 3541 554 3606 piget
564 3544 692 3604 superbam
702 3543 858 3590 mutationem
872 3543 944 3589 vestis
955 3551 979 3588 et
992 3541 1138 3588 desideratas
1148 3541 1219 3588 humi

118 3607 253 3670 jacentium
263 3607 421 3664 alutatmnes,
432 3608 501 3656 etiam
512 3608 583 3655 victis
593 3607 767 3656 Macedonibus
777 3622 867 3670 graves,
877 3605 965 3653 aedom
976 3605 1112 3653 victoribus.
1145 3605 1162 3655 1.
1177 3609 1219 3653 16.

122 3689 145 3721 6.
154 3677 195 3723 23.
212 3672 290 3722 Velut
299 3689 328 3719 ex
338 3671 470 3736 composito
481 3671 514 3720 ibi
524 3674 614 3722 hostem
630 3673 734 3721 habuere
745 3673 848 3727 obvium,
867 3673 906 3720 661
924 3679 949 3718 64
961 3671 1059 3726 1646666,
1070 3669 1160 3717 nedum
1174 3684 1219 3716 va·

121 3744 184 3786 stare
202 3738 250 3803 ipsi
267 3738 409 3787 Samnitium
420 3753 502 3800 agrum
512 3739 672 3801 prohiberent.
706 3737 722 3784 1.
734 3746 759 3785 64
769 3754 790 3787 c.
803 3742 842 3786 26.
860 3737 975 3786 Consules
992 3751 1059 3783 aeres
1079 3742 1105 3782 et
1124 3734 1219 3781 feroces

122 3802 196 3850 666641
207 3812 271 3858 sunt,
289 3803 331 3866 661
342 3805 379 3850 vel
389 3803 413 3850 in
425 3820 484 3866 pace
495 3805 623 3866 4666661116
638 3804 725 3850 bellum
736 3803 838 3850 excitare
850 3808 953 3864 possent,
967 3801 1054 3848 nedum
1062 3799 1090 3845 ‘in
1101 3800 1168 3846 bello
1179 3814 1218 3846 re-

123 3868 212 3929 spirare
223 3868 343 3916 civitatem
352 3869 401 3923 sint
410 3869 508 3930 passuri.
539 3869 556 3915 l.
566 3872 606 3916 28.
614 3871 685 3917 646.
700 3867 792 3919 Rebus,
803 3881 874 3929 qnam
889 3866 966 3913 serbis
982 3863 1077 3926 assequi
1090 3864 1176 3918 malui,
1191 3871 1220 3911 nt

124 3931 164 3992 661
175 3932 275 3980 aliorum
290 3932 382 3996 judicio
392 3931 451 3980 mihi
461 3939 610 3995 comparatus
621 3940 680 3987 erat,
692 3947 735 3980 sua
749 3947 804 3978 mor
815 3930 961 3978 consessione
972 3947 1009 3977 me
1021 3928 1066 3977 sibi
1075 3930 1219 3992 praeferret:

57 3998 68 4018 ⁸
123 3995 213 4043 nedum
223 4011 277 4060 ego,
295 3998 434 4060 perfunctus
447 3997 583 4051 honoribus,
600 3997 728 4044 certamina
746 3995 801 4042 mihi
821 4002 892 4056 atque
911 3995 1073 4043 emulationes
1087 4008 1142 4041 curo
1159 3993 1221 4041 ado·

123 4060 229 4108 lescente
245 4062 408 4111 florentissimo
425 4076 561 4125 proponam.
593 4059 660 4110 Ado.
672 4062 690 4109 1.
701 4066 743 4111 45.
754 4074 776 4107 6.
786 4063 827 4108 29.
845 4059 994 4108 Tonstrina.
1006 4060 1021 4106 1.
1030 4063 1070 4107 13.
1081 4074 1103 4107 6.
1116 4063 1157 4108 15.
1168 4059 1183 4122 6
1195 4060 1220 4108 3.

125 4131 150 4172 64
161 4140 183 4171 6.
195 4128 235 4172 26.
246 4127 260 4199 q
271 4131 295 4173 5.
305 4134 330 4173 64
339 4143 360 4173 6.
372 4132 411 4178 38.
423 4131 437 4191 q
449 4132 473 4176 3.
483 4135 508 4173 64
518 4127 535 4173 1.
545 4129 584 4174 15.
596 4141 619 4172 6.
631 4131 671 4174 59.
680 4127 694 4189 b
703 4129 728 4174 2.
745 4125 826 4174 Sento.
836 4139 872 4188 ep.
882 4129 922 4174 83.
930 4140 956 4187 p.
966 4129 1022 4173 301.

158 4188 181 4221 ¹4
191 4188 317 4237 Editrones
327 4194 435 4255 quaedam
448 4192 536 4239 habent
545 4205 614 4252 quom
624 4194 650 4238 tu
660 4205 689 4239 ae
697 4191 724 4237 in
734 4191 776 4239 deo
787 4189 888 4251 quidem.
905 4188 1000 4251 (Atque
1012 4188 1084 4237 641666
1096 4188 1120 4234 16
1130 4186 1221 4236 6646616

14 4262 16 4267 “
112 4254 176 4304 locis
184 4262 229 4305 aut
238 4256 311 4305 aliter
320 4256 393 4307 hodie
410 4256 505 4391 1661466,
521 4252 648 4306 66446616
662 4253 736 4305 ieet'ro
749 4253 895 4303 6616466416
907 4252 1013 4310 uidetur,
1027 4261 1058 4300 ut
1066 4253 1174 4302 Conrado
1186 4251 1220 4299 64

106 4323 160 4374 ca.
168 4323 267 4377 6666.
280 4325 298 4374 r.
310 4328 436 4392 66616.
