<?xml version="1.0" encoding="UTF-8"?>
<!DOCTYPE html PUBLIC "-//W3C//DTD XHTML 1.0 Transitional//EN"
    "http://www.w3.org/TR/xhtml1/DTD/xhtml1-transitional.dtd">
<html xmlns="http://www.w3.org/1999/xhtml" xml:lang="en" lang="en">
 <head>
  <title>
</title>
<meta http-equiv="Content-Type" content="text/html;charset=utf-8" />
  <meta name='ocr-system' content='tesseract 3.04.00' />
  <meta name='ocr-capabilities' content='ocr_page ocr_carea ocr_par ocr_line ocrx_word'/>
</head>
<body>
  <div class='ocr_page' id='page_1' title='image "./horatiiturselli00schwgoog/horatiiturselli00schwgoog_0339.png"; bbox 0 0 2670 4636; ppageno 0'>
   <div class='ocr_carea' id='block_1_1' title="bbox 187 219 1280 333">
    <p class='ocr_par' dir='ltr' id='par_1_1' title="bbox 187 219 1280 333">
     <span class='ocr_line' id='line_1_1' title="bbox 187 219 1280 333; baseline 0.007 -29"><span class='ocrx_word' id='word_1_1' title='bbox 187 248 246 306; x_wconf 79' lang='lat' dir='ltr'><strong>aaa</strong></span> <span class='ocrx_word' id='word_1_2' title='bbox 520 248 692 310; x_wconf 70' lang='lat' dir='ltr'><strong>nostru</strong></span> <span class='ocrx_word' id='word_1_3' title='bbox 719 251 961 312; x_wconf 82' lang='lat' dir='ltr'><strong>runsstnrnr</strong></span> <span class='ocrx_word' id='word_1_4' title='bbox 997 219 1001 227; x_wconf 80' lang='grc'>’</span> <span class='ocrx_word' id='word_1_5' title='bbox 1162 255 1280 333; x_wconf 65' lang='lat' dir='ltr'><strong>[curn</strong></span> 
     </span>
    </p>
   </div>
   <div class='ocr_carea' id='block_1_2' title="bbox 385 397 1083 464">
    <p class='ocr_par' dir='ltr' id='par_1_2' title="bbox 385 397 1083 464">
     <span class='ocr_line' id='line_1_2' title="bbox 385 397 1083 464; baseline 0 -18"><span class='ocrx_word' id='word_1_6' title='bbox 385 397 399 425; x_wconf 72' lang='lat'><strong><em>⁹</em></strong></span> <span class='ocrx_word' id='word_1_7' title='bbox 410 401 434 446; x_wconf 84' lang='grc'><strong>9.</strong></span> <span class='ocrx_word' id='word_1_8' title='bbox 453 397 530 453; x_wconf 81' lang='lat' dir='ltr'><strong>Quasi</strong></span> <span class='ocrx_word' id='word_1_9' title='bbox 541 405 595 461; x_wconf 88' lang='lat' dir='ltr'><strong>post</strong></span> <span class='ocrx_word' id='word_1_10' title='bbox 606 397 704 445; x_wconf 80' lang='lat' dir='ltr'><strong>verbum</strong></span> <span class='ocrx_word' id='word_1_11' title='bbox 714 400 839 447; x_wconf 65' lang='lat' dir='ltr'><strong>mannae</strong></span> <span class='ocrx_word' id='word_1_12' title='bbox 848 398 950 462; x_wconf 85' lang='lat' dir='ltr'><strong>aliaque,</strong></span> <span class='ocrx_word' id='word_1_13' title='bbox 962 414 1004 463; x_wconf 90' lang='lat' dir='ltr'><strong>pro</strong></span> <span class='ocrx_word' id='word_1_14' title='bbox 1015 400 1083 464; x_wconf 78' lang='lat' dir='ltr'><strong>quad.</strong></span> 
     </span>
    </p>
   </div>
   <div class='ocr_carea' id='block_1_3' title="bbox 186 476 1283 670">
    <p class='ocr_par' dir='ltr' id='par_1_3' title="bbox 186 476 1283 670">
     <span class='ocr_line' id='line_1_3' title="bbox 221 476 1283 545; baseline 0.003 -20"><span class='ocrx_word' id='word_1_15' title='bbox 221 477 321 526; x_wconf 81' lang='lat' dir='ltr'><strong>Sueten.</strong></span> <span class='ocrx_word' id='word_1_16' title='bbox 335 478 387 526; x_wconf 80' lang='lat' dir='ltr'><strong>Tib.</strong></span> <span class='ocrx_word' id='word_1_17' title='bbox 404 494 426 525; x_wconf 93' lang='lat' dir='ltr'><strong>c.</strong></span> <span class='ocrx_word' id='word_1_18' title='bbox 438 480 461 524; x_wconf 85' lang='lat'><strong>8.</strong></span> <span class='ocrx_word' id='word_1_19' title='bbox 479 476 674 525; x_wconf 60' lang='lat' dir='ltr'><strong>admonentibus</strong></span> <span class='ocrx_word' id='word_1_20' title='bbox 693 477 839 535; x_wconf 77' lang='lat' dir='ltr'><strong>donrestIcis,</strong></span> <span class='ocrx_word' id='word_1_21' title='bbox 856 480 925 542; x_wconf 80' lang='lat' dir='ltr'><strong>quasi</strong></span> <span class='ocrx_word' id='word_1_22' title='bbox 941 480 1009 544; x_wconf 74' lang='lat' dir='ltr'><strong>plura</strong></span> <span class='ocrx_word' id='word_1_23' title='bbox 1029 480 1195 545; x_wconf 73' lang='lat' dir='ltr'><strong>pelliteretur,</strong></span> <span class='ocrx_word' id='word_1_24' title='bbox 1212 496 1283 544; x_wconf 81' lang='lat' dir='ltr'><strong>quarn</strong></span> 
     </span>
     <span class='ocr_line' id='line_1_4' title="bbox 186 542 1282 609; baseline 0.005 -21"><span class='ocrx_word' id='word_1_25' title='bbox 186 551 300 604; x_wconf 81' lang='lat' dir='ltr'><strong>praestare</strong></span> <span class='ocrx_word' id='word_1_26' title='bbox 312 550 403 603; x_wconf 89' lang='lat' dir='ltr'><strong>posset,</strong></span> <span class='ocrx_word' id='word_1_27' title='bbox 409 551 581 605; x_wconf 85' lang='lat' dir='ltr'><strong>noneportere,</strong></span> <span class='ocrx_word' id='word_1_28' title='bbox 591 542 635 598; x_wconf 86' lang='lat' dir='ltr'><strong>nit,</strong></span> <span class='ocrx_word' id='word_1_29' title='bbox 643 558 779 605; x_wconf 77' lang='lat' dir='ltr'><strong>quenquam</strong></span> <span class='ocrx_word' id='word_1_30' title='bbox 786 559 914 592; x_wconf 76' lang='lat' dir='ltr'><strong>asermone</strong></span> <span class='ocrx_word' id='word_1_31' title='bbox 924 546 1041 609; x_wconf 88' lang='lat' dir='ltr'><strong>principis</strong></span> <span class='ocrx_word' id='word_1_32' title='bbox 1050 546 1145 595; x_wconf 76' lang='lat' dir='ltr'>tristem</span> <span class='ocrx_word' id='word_1_33' title='bbox 1150 546 1282 594; x_wconf 70' lang='lat' dir='ltr'><strong>diswdere.</strong></span> 
     </span>
     <span class='ocr_line' id='line_1_5' title="bbox 191 606 563 670; baseline 0.005 -16"><span class='ocrx_word' id='word_1_34' title='bbox 191 607 266 656; x_wconf 82' lang='lat' dir='ltr'><strong>Tacit.</strong></span> <span class='ocrx_word' id='word_1_35' title='bbox 278 606 342 655; x_wconf 79' lang='lat' dir='ltr'><strong>Anu.</strong></span> <span class='ocrx_word' id='word_1_36' title='bbox 352 608 369 654; x_wconf 87' lang='grc'><strong>1.</strong></span> <span class='ocrx_word' id='word_1_37' title='bbox 381 611 420 656; x_wconf 89' lang='grc'><strong>12.</strong></span> <span class='ocrx_word' id='word_1_38' title='bbox 432 623 454 657; x_wconf 92' lang='lat' dir='ltr'><strong>c.</strong></span> <span class='ocrx_word' id='word_1_39' title='bbox 464 611 504 656; x_wconf 78' lang='lat'><strong>52.</strong></span> <span class='ocrx_word' id='word_1_40' title='bbox 515 608 529 670; x_wconf 59' lang='lat' dir='ltr'><strong>t</strong></span> <span class='ocrx_word' id='word_1_41' title='bbox 541 611 563 656; x_wconf 91' lang='grc'><strong>1.</strong></span> 
     </span>
    </p>
   </div>
   <div class='ocr_carea' id='block_1_4' title="bbox 606 722 859 784">
    <p class='ocr_par' dir='ltr' id='par_1_4' title="bbox 606 722 859 784">
     <span class='ocr_line' id='line_1_6' title="bbox 606 722 859 784; baseline -0.004 -15"><span class='ocrx_word' id='word_1_42' title='bbox 606 725 644 770; x_wconf 82' lang='lat' dir='ltr'><strong>lo.</strong></span> <span class='ocrx_word' id='word_1_43' title='bbox 663 722 740 778; x_wconf 81' lang='lat' dir='ltr'><strong>Quasi</strong></span> <span class='ocrx_word' id='word_1_44' title='bbox 749 725 859 784; x_wconf 78' lang='lat' dir='ltr'><strong>profare.</strong></span> 
     </span>
    </p>
   </div>
   <div class='ocr_carea' id='block_1_5' title="bbox 189 801 1283 1128">
    <p class='ocr_par' dir='ltr' id='par_1_5' title="bbox 189 801 1283 1128">
     <span class='ocr_line' id='line_1_7' title="bbox 221 801 1281 869; baseline 0.004 -22"><span class='ocrx_word' id='word_1_45' title='bbox 221 801 342 850; x_wconf 77' lang='lat' dir='ltr'>Interdum</span> <span class='ocrx_word' id='word_1_46' title='bbox 359 810 485 864; x_wconf 82' lang='lat' dir='ltr'><strong>usurpatur</strong></span> <span class='ocrx_word' id='word_1_47' title='bbox 501 817 543 865; x_wconf 90' lang='lat' dir='ltr'><strong>pro</strong></span> <span class='ocrx_word' id='word_1_48' title='bbox 557 802 620 864; x_wconf 69' lang='lat' dir='ltr'><strong>fere.</strong></span> <span class='ocrx_word' id='word_1_49' title='bbox 666 803 738 850; x_wconf 78' lang='lat' dir='ltr'><strong>ctar</strong></span> <span class='ocrx_word' id='word_1_50' title='bbox 757 804 825 852; x_wconf 80' lang='lat' dir='ltr'><strong>Vere.</strong></span> <span class='ocrx_word' id='word_1_51' title='bbox 837 820 858 851; x_wconf 88' lang='lat' dir='ltr'><strong>c.</strong></span> <span class='ocrx_word' id='word_1_52' title='bbox 869 807 893 851; x_wconf 92' lang='grc'><strong>8.</strong></span> <span class='ocrx_word' id='word_1_53' title='bbox 909 804 1001 869; x_wconf 78' lang='lat' dir='ltr'><strong>Repeti</strong></span> <span class='ocrx_word' id='word_1_54' title='bbox 1016 821 1044 853; x_wconf 83' lang='lat' dir='ltr'><strong>er</strong></span> <span class='ocrx_word' id='word_1_55' title='bbox 1058 806 1095 853; x_wconf 84' lang='lat' dir='ltr'><strong>his</strong></span> <span class='ocrx_word' id='word_1_56' title='bbox 1112 806 1184 867; x_wconf 81' lang='lat' dir='ltr'><strong>quasi</strong></span> <span class='ocrx_word' id='word_1_57' title='bbox 1200 805 1281 852; x_wconf 85' lang='lat' dir='ltr'><strong>decem</strong></span> 
     </span>
     <span class='ocr_line' id='line_1_8' title="bbox 189 867 1283 931; baseline 0.005 -18"><span class='ocrx_word' id='word_1_58' title='bbox 189 867 258 913; x_wconf 85' lang='lat' dir='ltr'><strong>tiseos</strong></span> <span class='ocrx_word' id='word_1_59' title='bbox 268 867 299 913; x_wconf 86' lang='lat' dir='ltr'><strong>ad</strong></span> <span class='ocrx_word' id='word_1_60' title='bbox 309 869 448 930; x_wconf 78' lang='lat' dir='ltr'><strong>Senatorem</strong></span> <span class='ocrx_word' id='word_1_61' title='bbox 457 867 527 914; x_wconf 91' lang='lat' dir='ltr'><strong>illum</strong></span> <span class='ocrx_word' id='word_1_62' title='bbox 536 867 633 915; x_wconf 88' lang='lat' dir='ltr'><strong>relictos</strong></span> <span class='ocrx_word' id='word_1_63' title='bbox 643 882 707 926; x_wconf 89' lang='lat' dir='ltr'><strong>esse,</strong></span> <span class='ocrx_word' id='word_1_64' title='bbox 718 868 863 916; x_wconf 88' lang='lat' dir='ltr'><strong>comitiorum</strong></span> <span class='ocrx_word' id='word_1_65' title='bbox 874 884 953 918; x_wconf 74' lang='lat' dir='ltr'><strong>causa</strong></span> <span class='ocrx_word' id='word_1_66' title='bbox 977 871 1030 919; x_wconf 84' lang='lat' dir='ltr'><strong>tltat</strong></span> <span class='ocrx_word' id='word_1_67' title='bbox 1040 870 1188 931; x_wconf 73' lang='lat' dir='ltr'><strong>tenostltese</strong></span> <span class='ocrx_word' id='word_1_68' title='bbox 1198 871 1283 924; x_wconf 73' lang='lat' dir='ltr'><strong>elacata,</strong></span> 
     </span>
     <span class='ocr_line' id='line_1_9' title="bbox 190 931 1283 996; baseline 0.002 -18"><span class='ocrx_word' id='word_1_69' title='bbox 190 947 218 978; x_wconf 84' lang='lat' dir='ltr'><strong>or</strong></span> <span class='ocrx_word' id='word_1_70' title='bbox 229 931 385 987; x_wconf 82' lang='lat' dir='ltr'><strong>tltereabouts,</strong></span> <span class='ocrx_word' id='word_1_71' title='bbox 398 935 438 992; x_wconf 74' lang='lat' dir='ltr'><strong>dfe.</strong></span> <span class='ocrx_word' id='word_1_72' title='bbox 455 934 509 980; x_wconf 74' lang='lat' dir='ltr'><strong>tant</strong></span> <span class='ocrx_word' id='word_1_73' title='bbox 518 933 589 981; x_wconf 80' lang='lat' dir='ltr'><strong>about</strong></span> <span class='ocrx_word' id='word_1_74' title='bbox 600 938 640 981; x_wconf 89' lang='lat' dir='ltr'><strong>ten</strong></span> <span class='ocrx_word' id='word_1_75' title='bbox 651 931 680 988; x_wconf 74' lang='lat'><strong>⁰!</strong></span> <span class='ocrx_word' id='word_1_76' title='bbox 691 934 754 981; x_wconf 82' lang='lat' dir='ltr'><strong>ttese</strong></span> <span class='ocrx_word' id='word_1_77' title='bbox 764 933 849 987; x_wconf 75' lang='lat' dir='ltr'><strong>electa</strong></span> <span class='ocrx_word' id='word_1_78' title='bbox 868 938 909 996; x_wconf 66' lang='lat' dir='ltr'><strong>qn.</strong></span> <span class='ocrx_word' id='word_1_79' title='bbox 942 936 982 983; x_wconf 79' lang='lat' dir='ltr'><strong>Id.</strong></span> <span class='ocrx_word' id='word_1_80' title='bbox 991 937 1009 982; x_wconf 91' lang='grc'><strong>1.</strong></span> <span class='ocrx_word' id='word_1_81' title='bbox 1019 938 1044 982; x_wconf 98' lang='grc'><strong>2.</strong></span> <span class='ocrx_word' id='word_1_82' title='bbox 1054 934 1134 984; x_wconf 77' lang='lat' dir='ltr'><strong>Aead.</strong></span> <span class='ocrx_word' id='word_1_83' title='bbox 1145 951 1169 984; x_wconf 88' lang='lat' dir='ltr'><strong>c.</strong></span> <span class='ocrx_word' id='word_1_84' title='bbox 1180 939 1223 984; x_wconf 80' lang='grc'><strong>26.</strong></span> <span class='ocrx_word' id='word_1_85' title='bbox 1244 934 1283 983; x_wconf 86' lang='lat' dir='ltr'><strong>Sal</strong></span> 
     </span>
     <span class='ocr_line' id='line_1_10' title="bbox 189 996 1282 1060; baseline 0.005 -18"><span class='ocrx_word' id='word_1_86' title='bbox 189 998 319 1055; x_wconf 83' lang='lat' dir='ltr'><strong>quantulus</strong></span> <span class='ocrx_word' id='word_1_87' title='bbox 335 996 403 1044; x_wconf 87' lang='lat' dir='ltr'><strong>vobis</strong></span> <span class='ocrx_word' id='word_1_88' title='bbox 418 997 528 1044; x_wconf 83' lang='lat' dir='ltr'><strong>videtur?</strong></span> <span class='ocrx_word' id='word_1_89' title='bbox 546 997 601 1043; x_wconf 86' lang='lat' dir='ltr'><strong>mihi</strong></span> <span class='ocrx_word' id='word_1_90' title='bbox 618 997 716 1059; x_wconf 85' lang='lat' dir='ltr'><strong>quidem</strong></span> <span class='ocrx_word' id='word_1_91' title='bbox 732 997 801 1060; x_wconf 87' lang='lat' dir='ltr'><strong>quasi</strong></span> <span class='ocrx_word' id='word_1_92' title='bbox 817 997 919 1060; x_wconf 84' lang='lat' dir='ltr'><strong>pedalis.</strong></span> <span class='ocrx_word' id='word_1_93' title='bbox 935 1000 1005 1048; x_wconf 83' lang='lat' dir='ltr'><strong>adeat</strong></span> <span class='ocrx_word' id='word_1_94' title='bbox 1024 1000 1105 1059; x_wconf 83' lang='lat' dir='ltr'><strong>ascet</strong></span> <span class='ocrx_word' id='word_1_95' title='bbox 1119 1000 1148 1047; x_wconf 80' lang='lat' dir='ltr'><strong>in</strong></span> <span class='ocrx_word' id='word_1_96' title='bbox 1160 1000 1282 1049; x_wconf 66' lang='lat' dir='ltr'><strong>diamer.</strong></span> 
     </span>
     <span class='ocr_line' id='line_1_11' title="bbox 190 1059 1139 1128; baseline 0.007 -22"><span class='ocrx_word' id='word_1_97' title='bbox 190 1061 205 1088; x_wconf 69' lang='lat'><strong>⁴*</strong></span> <span class='ocrx_word' id='word_1_98' title='bbox 214 1059 280 1108; x_wconf 79' lang='lat' dir='ltr'><strong>Add.</strong></span> <span class='ocrx_word' id='word_1_99' title='bbox 294 1062 387 1110; x_wconf 84' lang='lat' dir='ltr'><strong>Terent.</strong></span> <span class='ocrx_word' id='word_1_100' title='bbox 397 1061 488 1110; x_wconf 84' lang='lat' dir='ltr'><strong>Heaut.</strong></span> <span class='ocrx_word' id='word_1_101' title='bbox 502 1066 524 1108; x_wconf 90' lang='grc'><strong>1.</strong></span> <span class='ocrx_word' id='word_1_102' title='bbox 537 1065 560 1109; x_wconf 94' lang='grc'><strong>1.</strong></span> <span class='ocrx_word' id='word_1_103' title='bbox 571 1069 596 1108; x_wconf 89' lang='lat' dir='ltr'><strong>et</strong></span> <span class='ocrx_word' id='word_1_104' title='bbox 609 1063 661 1110; x_wconf 86' lang='lat' dir='ltr'><strong>Cic.</strong></span> <span class='ocrx_word' id='word_1_105' title='bbox 680 1063 750 1110; x_wconf 85' lang='lat' dir='ltr'><strong>Orat.</strong></span> <span class='ocrx_word' id='word_1_106' title='bbox 762 1077 784 1109; x_wconf 88' lang='lat' dir='ltr'><strong>c.</strong></span> <span class='ocrx_word' id='word_1_107' title='bbox 797 1066 835 1111; x_wconf 71' lang='grc'><strong>18.</strong></span> <span class='ocrx_word' id='word_1_108' title='bbox 860 1063 971 1126; x_wconf 75' lang='lat' dir='ltr'><strong>(Sueten</strong></span> <span class='ocrx_word' id='word_1_109' title='bbox 984 1066 1037 1114; x_wconf 84' lang='lat' dir='ltr'><strong>Cat.</strong></span> <span class='ocrx_word' id='word_1_110' title='bbox 1049 1080 1071 1112; x_wconf 87' lang='lat' dir='ltr'><strong>c.</strong></span> <span class='ocrx_word' id='word_1_111' title='bbox 1082 1063 1139 1128; x_wconf 79' lang='lat'><strong>68.)</strong></span> 
     </span>
    </p>
   </div>
   <div class='ocr_carea' id='block_1_6' title="bbox 224 1174 1283 1322">
    <p class='ocr_par' dir='ltr' id='par_1_6' title="bbox 224 1174 1283 1322">
     <span class='ocr_line' id='line_1_12' title="bbox 637 1174 839 1223; baseline 0.005 -1"><span class='ocrx_word' id='word_1_112' title='bbox 637 1178 677 1223; x_wconf 93' lang='grc'><strong>11.</strong></span> <span class='ocrx_word' id='word_1_113' title='bbox 693 1174 839 1223; x_wconf 81' lang='lat' dir='ltr'><strong>Admonitio.</strong></span> 
     </span>
     <span class='ocr_line' id='line_1_13' title="bbox 224 1254 1283 1322; baseline -0.001 -18"><span class='ocrx_word' id='word_1_114' title='bbox 224 1256 300 1312; x_wconf 76' lang='lat' dir='ltr'><strong>Quasi</strong></span> <span class='ocrx_word' id='word_1_115' title='bbox 317 1270 360 1318; x_wconf 88' lang='lat' dir='ltr'><strong>pro</strong></span> <span class='ocrx_word' id='word_1_116' title='bbox 372 1255 438 1316; x_wconf 82' lang='lat' dir='ltr'><strong>sere,</strong></span> <span class='ocrx_word' id='word_1_117' title='bbox 451 1270 504 1302; x_wconf 84' lang='lat' dir='ltr'><strong>cum</strong></span> <span class='ocrx_word' id='word_1_118' title='bbox 520 1254 666 1301; x_wconf 85' lang='lat' dir='ltr'><strong>contrahitur</strong></span> <span class='ocrx_word' id='word_1_119' title='bbox 682 1269 803 1311; x_wconf 84' lang='lat' dir='ltr'><strong>numerus,</strong></span> <span class='ocrx_word' id='word_1_120' title='bbox 821 1256 933 1320; x_wconf 89' lang='lat' dir='ltr'><strong>spatium,</strong></span> <span class='ocrx_word' id='word_1_121' title='bbox 949 1257 1068 1306; x_wconf 80' lang='lat' dir='ltr'><strong>autsliud</strong></span> <span class='ocrx_word' id='word_1_122' title='bbox 1083 1257 1211 1322; x_wconf 84' lang='lat' dir='ltr'><strong>ejusmodi,</strong></span> <span class='ocrx_word' id='word_1_123' title='bbox 1222 1256 1283 1320; x_wconf 75' lang='lat' dir='ltr'><strong>apud</strong></span> 
     </span>
    </p>
   </div>
   <div class='ocr_carea' id='block_1_7' title="bbox 142 1319 1284 1450">
    <p class='ocr_par' dir='ltr' id='par_1_7' title="bbox 142 1319 1284 1450">
     <span class='ocr_line' id='line_1_14' title="bbox 142 1319 1284 1386; baseline 0.004 -18"><span class='ocrx_word' id='word_1_124' title='bbox 142 1346 151 1363; x_wconf 90' lang='lat'><strong>.</strong></span> <span class='ocrx_word' id='word_1_125' title='bbox 193 1319 614 1369; x_wconf 84' lang='lat' dir='ltr'><strong>Ciceronemrarumndmodumest.</strong></span> <span class='ocrx_word' id='word_1_126' title='bbox 647 1319 705 1381; x_wconf 82' lang='lat' dir='ltr'><strong>Ejus</strong></span> <span class='ocrx_word' id='word_1_127' title='bbox 721 1321 1284 1386; x_wconf 65' lang='lat' dir='ltr'><strong>locofere‚ferme,pesne,prope,propencdn</strong></span> 
     </span>
     <span class='ocr_line' id='line_1_15' title="bbox 190 1384 953 1450; baseline 0.003 -18"><span class='ocrx_word' id='word_1_128' title='bbox 190 1384 297 1448; x_wconf 79' lang='lat' dir='ltr'><strong>usrrrpari</strong></span> <span class='ocrx_word' id='word_1_129' title='bbox 306 1385 393 1433; x_wconf 86' lang='lat' dir='ltr'><strong>soleat.</strong></span> <span class='ocrx_word' id='word_1_130' title='bbox 426 1384 483 1449; x_wconf 78' lang='lat' dir='ltr'><strong>(Est</strong></span> <span class='ocrx_word' id='word_1_131' title='bbox 493 1384 519 1432; x_wconf 85' lang='lat' dir='ltr'><strong>in</strong></span> <span class='ocrx_word' id='word_1_132' title='bbox 532 1385 613 1433; x_wconf 82' lang='lat' dir='ltr'><strong>Coecit.</strong></span> <span class='ocrx_word' id='word_1_133' title='bbox 623 1399 644 1432; x_wconf 93' lang='lat' dir='ltr'><strong>c.</strong></span> <span class='ocrx_word' id='word_1_134' title='bbox 656 1386 680 1430; x_wconf 88' lang='grc'><strong>8.</strong></span> <span class='ocrx_word' id='word_1_135' title='bbox 692 1390 717 1430; x_wconf 84' lang='lat' dir='ltr'><strong>et</strong></span> <span class='ocrx_word' id='word_1_136' title='bbox 727 1385 798 1434; x_wconf 86' lang='lat' dir='ltr'><strong>Orat.</strong></span> <span class='ocrx_word' id='word_1_137' title='bbox 809 1401 830 1433; x_wconf 84' lang='lat' dir='ltr'><strong>c.</strong></span> <span class='ocrx_word' id='word_1_138' title='bbox 841 1391 879 1436; x_wconf 80' lang='lat' dir='ltr'><strong>la.</strong></span> <span class='ocrx_word' id='word_1_139' title='bbox 891 1389 953 1450; x_wconf 85' lang='lat' dir='ltr'><strong>etc.)</strong></span> 
     </span>
    </p>
   </div>
   <div class='ocr_carea' id='block_1_8' title="bbox 548 1499 930 1556">
    <p class='ocr_par' dir='ltr' id='par_1_8' title="bbox 548 1499 930 1556">
     <span class='ocr_line' id='line_1_16' title="bbox 548 1499 930 1556; baseline 0.008 -10"><span class='ocrx_word' id='word_1_140' title='bbox 548 1501 588 1547; x_wconf 85' lang='grc'><strong>12.</strong></span> <span class='ocrx_word' id='word_1_141' title='bbox 607 1499 684 1556; x_wconf 80' lang='lat' dir='ltr'><strong>Quasi</strong></span> <span class='ocrx_word' id='word_1_142' title='bbox 694 1499 718 1546; x_wconf 89' lang='lat' dir='ltr'><strong>in</strong></span> <span class='ocrx_word' id='word_1_143' title='bbox 730 1501 930 1549; x_wconf 76' lang='lat' dir='ltr'><strong>translationibus.</strong></span> 
     </span>
    </p>
   </div>
   <div class='ocr_carea' id='block_1_9' title="bbox 191 1578 1283 1907">
    <p class='ocr_par' dir='ltr' id='par_1_9' title="bbox 191 1578 1283 1907">
     <span class='ocr_line' id='line_1_17' title="bbox 225 1578 1283 1644; baseline 0.001 -14"><span class='ocrx_word' id='word_1_144' title='bbox 225 1581 256 1612; x_wconf 72' lang='lat'><strong>¹*</strong></span> <span class='ocrx_word' id='word_1_145' title='bbox 274 1581 307 1630; x_wconf 88' lang='lat' dir='ltr'><strong>D.</strong></span> <span class='ocrx_word' id='word_1_146' title='bbox 329 1581 406 1638; x_wconf 81' lang='lat' dir='ltr'><strong>Quasi</strong></span> <span class='ocrx_word' id='word_1_147' title='bbox 424 1581 568 1644; x_wconf 71' lang='lat' dir='ltr'>metaphoris</span> <span class='ocrx_word' id='word_1_148' title='bbox 584 1578 694 1636; x_wconf 87' lang='lat' dir='ltr'><strong>inservit,</strong></span> <span class='ocrx_word' id='word_1_149' title='bbox 716 1580 823 1643; x_wconf 82' lang='lat' dir='ltr'><strong>lenitqae</strong></span> <span class='ocrx_word' id='word_1_150' title='bbox 841 1582 1028 1632; x_wconf 76' lang='lat' dir='ltr'><strong>translationem.</strong></span> <span class='ocrx_word' id='word_1_151' title='bbox 1063 1583 1116 1632; x_wconf 76' lang='lat' dir='ltr'><strong>cte.</strong></span> <span class='ocrx_word' id='word_1_152' title='bbox 1136 1581 1153 1628; x_wconf 94' lang='lat' dir='ltr'><strong>l.</strong></span> <span class='ocrx_word' id='word_1_153' title='bbox 1172 1586 1196 1630; x_wconf 79' lang='grc'><strong>8.</strong></span> <span class='ocrx_word' id='word_1_154' title='bbox 1215 1583 1283 1631; x_wconf 77' lang='lat' dir='ltr'><strong>Fata.</strong></span> 
     </span>
     <span class='ocr_line' id='line_1_18' title="bbox 191 1645 1282 1710; baseline -0.001 -13"><span class='ocrx_word' id='word_1_155' title='bbox 191 1663 227 1710; x_wconf 79' lang='lat' dir='ltr'><strong>ep.</strong></span> <span class='ocrx_word' id='word_1_156' title='bbox 246 1650 270 1695; x_wconf 87' lang='grc'><strong>2.</strong></span> <span class='ocrx_word' id='word_1_157' title='bbox 295 1645 397 1693; x_wconf 84' lang='lat' dir='ltr'><strong>Facilior</strong></span> <span class='ocrx_word' id='word_1_158' title='bbox 414 1645 460 1692; x_wconf 90' lang='lat' dir='ltr'><strong>erit</strong></span> <span class='ocrx_word' id='word_1_159' title='bbox 474 1645 536 1692; x_wconf 87' lang='lat' dir='ltr'><strong>mihi</strong></span> <span class='ocrx_word' id='word_1_160' title='bbox 552 1645 620 1708; x_wconf 85' lang='lat' dir='ltr'><strong>quasi</strong></span> <span class='ocrx_word' id='word_1_161' title='bbox 638 1645 751 1692; x_wconf 89' lang='lat' dir='ltr'><strong>decursus</strong></span> <span class='ocrx_word' id='word_1_162' title='bbox 769 1645 818 1692; x_wconf 88' lang='lat' dir='ltr'><strong>mei</strong></span> <span class='ocrx_word' id='word_1_163' title='bbox 838 1647 960 1708; x_wconf 87' lang='lat' dir='ltr'><strong>temporis.</strong></span> <span class='ocrx_word' id='word_1_164' title='bbox 992 1647 1033 1695; x_wconf 72' lang='lat' dir='ltr'><strong>stc</strong></span> <span class='ocrx_word' id='word_1_165' title='bbox 1050 1648 1117 1696; x_wconf 86' lang='lat' dir='ltr'><strong>Pllrr.</strong></span> <span class='ocrx_word' id='word_1_166' title='bbox 1134 1647 1152 1694; x_wconf 91' lang='lat' dir='ltr'><strong>l.</strong></span> <span class='ocrx_word' id='word_1_167' title='bbox 1163 1652 1188 1696; x_wconf 87' lang='grc'><strong>8.</strong></span> <span class='ocrx_word' id='word_1_168' title='bbox 1197 1662 1233 1710; x_wconf 84' lang='lat' dir='ltr'><strong>ep.</strong></span> <span class='ocrx_word' id='word_1_169' title='bbox 1247 1652 1282 1696; x_wconf 82' lang='lat' dir='ltr'><strong>Iti.</strong></span> 
     </span>
     <span class='ocr_line' id='line_1_19' title="bbox 192 1710 1283 1777; baseline -0.001 -17"><span class='ocrx_word' id='word_1_170' title='bbox 192 1711 270 1767; x_wconf 74' lang='lat' dir='ltr'><strong>Quasi</strong></span> <span class='ocrx_word' id='word_1_171' title='bbox 279 1715 421 1760; x_wconf 87' lang='lat' dir='ltr'><strong>testamenta</strong></span> <span class='ocrx_word' id='word_1_172' title='bbox 438 1723 558 1758; x_wconf 72' lang='lat' dir='ltr'><strong>sennem</strong></span> <span class='ocrx_word' id='word_1_173' title='bbox 577 1710 755 1772; x_wconf 72' lang='lat' dir='ltr'><strong>appellatque</strong></span> <span class='ocrx_word' id='word_1_174' title='bbox 771 1725 828 1757; x_wconf 84' lang='lat' dir='ltr'><strong>vera</strong></span> <span class='ocrx_word' id='word_1_175' title='bbox 844 1718 869 1759; x_wconf 84' lang='lat' dir='ltr'><strong>et</strong></span> <span class='ocrx_word' id='word_1_176' title='bbox 881 1712 947 1777; x_wconf 85' lang='lat' dir='ltr'><strong>justa</strong></span> <span class='ocrx_word' id='word_1_177' title='bbox 965 1712 1087 1776; x_wconf 84' lang='lat' dir='ltr'><strong>appellare</strong></span> <span class='ocrx_word' id='word_1_178' title='bbox 1101 1726 1151 1758; x_wconf 90' lang='lat' dir='ltr'><strong>non</strong></span> <span class='ocrx_word' id='word_1_179' title='bbox 1169 1711 1283 1768; x_wconf 84' lang='lat' dir='ltr'><strong>licuisset,</strong></span> 
     </span>
     <span class='ocr_line' id='line_1_20' title="bbox 192 1773 1283 1842; baseline 0.001 -18"><span class='ocrx_word' id='word_1_180' title='bbox 192 1776 288 1826; x_wconf 77' lang='lat' dir='ltr'><strong>Bscltn.</strong></span> <span class='ocrx_word' id='word_1_181' title='bbox 298 1775 331 1822; x_wconf 87' lang='lat' dir='ltr'><strong>ibi</strong></span> <span class='ocrx_word' id='word_1_182' title='bbox 342 1791 347 1821; x_wconf 91' lang='lat'>:</span> <span class='ocrx_word' id='word_1_183' title='bbox 365 1785 390 1823; x_wconf 93' lang='lat' dir='ltr'><strong>et</strong></span> <span class='ocrx_word' id='word_1_184' title='bbox 401 1776 552 1838; x_wconf 83' lang='lat' dir='ltr'><strong>paulopost:</strong></span> <span class='ocrx_word' id='word_1_185' title='bbox 569 1774 657 1828; x_wconf 85' lang='lat' dir='ltr'><strong>Servis,</strong></span> <span class='ocrx_word' id='word_1_186' title='bbox 672 1775 759 1836; x_wconf 83' lang='lat' dir='ltr'><strong>inquit,</strong></span> <span class='ocrx_word' id='word_1_187' title='bbox 774 1773 848 1837; x_wconf 85' lang='lat' dir='ltr'><strong>Resp.</strong></span> <span class='ocrx_word' id='word_1_188' title='bbox 859 1778 978 1838; x_wconf 76' lang='lat' dir='ltr'><strong>quaedum,</strong></span> <span class='ocrx_word' id='word_1_189' title='bbox 990 1784 1015 1823; x_wconf 84' lang='lat' dir='ltr'><strong>et</strong></span> <span class='ocrx_word' id='word_1_190' title='bbox 1023 1777 1093 1842; x_wconf 83' lang='lat' dir='ltr'><strong>quasi</strong></span> <span class='ocrx_word' id='word_1_191' title='bbox 1103 1775 1191 1825; x_wconf 82' lang='lat' dir='ltr'><strong>civitas</strong></span> <span class='ocrx_word' id='word_1_192' title='bbox 1201 1779 1283 1826; x_wconf 85' lang='lat' dir='ltr'><strong>demus</strong></span> 
     </span>
     <span class='ocr_line' id='line_1_21' title="bbox 192 1838 1127 1907; baseline 0.002 -20"><span class='ocrx_word' id='word_1_193' title='bbox 192 1848 239 1887; x_wconf 86' lang='lat' dir='ltr'><strong>est.</strong></span> <span class='ocrx_word' id='word_1_194' title='bbox 266 1839 358 1887; x_wconf 67' lang='lat' dir='ltr'><strong>*aaa</strong></span> <span class='ocrx_word' id='word_1_195' title='bbox 368 1840 488 1889; x_wconf 80' lang='lat' dir='ltr'><strong>Gie.Lcel.</strong></span> <span class='ocrx_word' id='word_1_196' title='bbox 499 1855 521 1889; x_wconf 92' lang='lat' dir='ltr'><strong>c.</strong></span> <span class='ocrx_word' id='word_1_197' title='bbox 535 1843 574 1887; x_wconf 89' lang='grc'><strong>16.</strong></span> <span class='ocrx_word' id='word_1_198' title='bbox 586 1848 612 1887; x_wconf 90' lang='lat' dir='ltr'><strong>et</strong></span> <span class='ocrx_word' id='word_1_199' title='bbox 622 1840 639 1885; x_wconf 87' lang='lat' dir='ltr'><strong>l.</strong></span> <span class='ocrx_word' id='word_1_200' title='bbox 649 1840 675 1888; x_wconf 90' lang='grc'><strong>2.</strong></span> <span class='ocrx_word' id='word_1_201' title='bbox 686 1842 714 1887; x_wconf 91' lang='lat' dir='ltr'><strong>de</strong></span> <span class='ocrx_word' id='word_1_202' title='bbox 727 1838 781 1903; x_wconf 87' lang='lat' dir='ltr'><strong>Off.</strong></span> <span class='ocrx_word' id='word_1_203' title='bbox 792 1855 814 1888; x_wconf 93' lang='lat' dir='ltr'><strong>c.</strong></span> <span class='ocrx_word' id='word_1_204' title='bbox 826 1841 914 1887; x_wconf 71' lang='lat' dir='ltr'><strong>aeti.</strong></span> <span class='ocrx_word' id='word_1_205' title='bbox 925 1848 949 1890; x_wconf 83' lang='lat'><strong>5.</strong></span> <span class='ocrx_word' id='word_1_206' title='bbox 963 1843 1030 1891; x_wconf 80' lang='lat' dir='ltr'><strong>Fam.</strong></span> <span class='ocrx_word' id='word_1_207' title='bbox 1040 1856 1077 1907; x_wconf 81' lang='lat' dir='ltr'><strong>ep·</strong></span> <span class='ocrx_word' id='word_1_208' title='bbox 1087 1846 1127 1891; x_wconf 83' lang='lat'><strong>19.</strong></span> 
     </span>
    </p>
   </div>
   <div class='ocr_carea' id='block_1_10' title="bbox 520 1952 950 2015">
    <p class='ocr_par' dir='ltr' id='par_1_10' title="bbox 520 1952 950 2015">
     <span class='ocr_line' id='line_1_22' title="bbox 520 1952 950 2015; baseline 0.009 -14"><span class='ocrx_word' id='word_1_209' title='bbox 520 1953 531 1976; x_wconf 82' lang='lat'><em>⁰</em></span> <span class='ocrx_word' id='word_1_210' title='bbox 544 1958 583 2002; x_wconf 82' lang='grc'><strong>13.</strong></span> <span class='ocrx_word' id='word_1_211' title='bbox 601 1953 677 2009; x_wconf 84' lang='lat' dir='ltr'><strong>Quasi</strong></span> <span class='ocrx_word' id='word_1_212' title='bbox 687 1952 782 2015; x_wconf 86' lang='lat' dir='ltr'><strong>aliquis,</strong></span> <span class='ocrx_word' id='word_1_213' title='bbox 796 1954 836 2000; x_wconf 89' lang='lat' dir='ltr'><strong>vel</strong></span> <span class='ocrx_word' id='word_1_214' title='bbox 847 1954 950 2015; x_wconf 81' lang='lat' dir='ltr'><strong>quidam.</strong></span> 
     </span>
    </p>
   </div>
   <div class='ocr_carea' id='block_1_11' title="bbox 190 2033 1286 2227">
    <p class='ocr_par' dir='ltr' id='par_1_11' title="bbox 190 2033 1286 2227">
     <span class='ocr_line' id='line_1_23' title="bbox 224 2033 1286 2099; baseline -0.002 -13"><span class='ocrx_word' id='word_1_215' title='bbox 224 2037 309 2093; x_wconf 84' lang='lat' dir='ltr'><strong>Quasi,</strong></span> <span class='ocrx_word' id='word_1_216' title='bbox 320 2052 395 2099; x_wconf 88' lang='lat' dir='ltr'><strong>quum</strong></span> <span class='ocrx_word' id='word_1_217' title='bbox 412 2037 565 2098; x_wconf 73' lang='lat' dir='ltr'><strong>metaphoras</strong></span> <span class='ocrx_word' id='word_1_218' title='bbox 580 2035 681 2092; x_wconf 89' lang='lat' dir='ltr'><strong>emollit,</strong></span> <span class='ocrx_word' id='word_1_219' title='bbox 699 2049 763 2096; x_wconf 83' lang='lat' dir='ltr'><strong>aaepe</strong></span> <span class='ocrx_word' id='word_1_220' title='bbox 782 2033 921 2097; x_wconf 86' lang='lat' dir='ltr'><strong>adjunctum</strong></span> <span class='ocrx_word' id='word_1_221' title='bbox 935 2036 1008 2083; x_wconf 85' lang='lat' dir='ltr'><strong>habet</strong></span> <span class='ocrx_word' id='word_1_222' title='bbox 1018 2037 1106 2099; x_wconf 69' lang='grc' dir='ltr'><strong>σὶὶᾳείε</strong></span> <span class='ocrx_word' id='word_1_223' title='bbox 1121 2037 1161 2084; x_wconf 85' lang='lat' dir='ltr'><strong>vel</strong></span> <span class='ocrx_word' id='word_1_224' title='bbox 1178 2037 1286 2099; x_wconf 59' lang='lat' dir='ltr'><strong>munt.</strong></span> 
     </span>
     <span class='ocr_line' id='line_1_24' title="bbox 194 2098 1286 2164; baseline 0 -15"><span class='ocrx_word' id='word_1_225' title='bbox 194 2102 245 2149; x_wconf 86' lang='lat' dir='ltr'><strong>Cic.</strong></span> <span class='ocrx_word' id='word_1_226' title='bbox 255 2118 297 2164; x_wconf 85' lang='lat' dir='ltr'><strong>pra</strong></span> <span class='ocrx_word' id='word_1_227' title='bbox 307 2102 383 2150; x_wconf 80' lang='lat' dir='ltr'><strong>Arclr.</strong></span> <span class='ocrx_word' id='word_1_228' title='bbox 395 2118 416 2149; x_wconf 86' lang='lat' dir='ltr'><strong>c.</strong></span> <span class='ocrx_word' id='word_1_229' title='bbox 428 2105 451 2148; x_wconf 90' lang='lat'><strong>1.</strong></span> <span class='ocrx_word' id='word_1_230' title='bbox 468 2101 557 2148; x_wconf 83' lang='lat' dir='ltr'><strong>Omnes</strong></span> <span class='ocrx_word' id='word_1_231' title='bbox 563 2107 635 2154; x_wconf 86' lang='lat' dir='ltr'><strong>artes,</strong></span> <span class='ocrx_word' id='word_1_232' title='bbox 646 2115 699 2162; x_wconf 85' lang='lat' dir='ltr'><strong>quae</strong></span> <span class='ocrx_word' id='word_1_233' title='bbox 711 2098 741 2146; x_wconf 86' lang='lat' dir='ltr'><strong>ed</strong></span> <span class='ocrx_word' id='word_1_234' title='bbox 747 2100 920 2147; x_wconf 82' lang='lat' dir='ltr'><strong>humanitatem</strong></span> <span class='ocrx_word' id='word_1_235' title='bbox 928 2100 1058 2162; x_wconf 87' lang='lat' dir='ltr'><strong>pertinent,</strong></span> <span class='ocrx_word' id='word_1_236' title='bbox 1067 2101 1152 2148; x_wconf 80' lang='lat' dir='ltr'><strong>habent</strong></span> <span class='ocrx_word' id='word_1_237' title='bbox 1161 2100 1286 2164; x_wconf 83' lang='lat' dir='ltr'><strong>quoddam</strong></span> 
     </span>
     <span class='ocr_line' id='line_1_25' title="bbox 190 2164 1116 2227; baseline 0.002 -15"><span class='ocrx_word' id='word_1_238' title='bbox 190 2181 315 2213; x_wconf 88' lang='lat' dir='ltr'><strong>commuue</strong></span> <span class='ocrx_word' id='word_1_239' title='bbox 325 2165 457 2219; x_wconf 88' lang='lat' dir='ltr'><strong>vinculum,</strong></span> <span class='ocrx_word' id='word_1_240' title='bbox 468 2172 492 2213; x_wconf 91' lang='lat' dir='ltr'><strong>et</strong></span> <span class='ocrx_word' id='word_1_241' title='bbox 502 2164 571 2227; x_wconf 86' lang='lat' dir='ltr'><strong>quasi</strong></span> <span class='ocrx_word' id='word_1_242' title='bbox 581 2166 721 2227; x_wconf 76' lang='lat' dir='ltr'>cognatione</span> <span class='ocrx_word' id='word_1_243' title='bbox 734 2164 837 2226; x_wconf 88' lang='lat' dir='ltr'><strong>quadam</strong></span> <span class='ocrx_word' id='word_1_244' title='bbox 846 2165 908 2213; x_wconf 90' lang='lat' dir='ltr'><strong>inter</strong></span> <span class='ocrx_word' id='word_1_245' title='bbox 919 2181 946 2213; x_wconf 89' lang='lat' dir='ltr'><strong>se</strong></span> <span class='ocrx_word' id='word_1_246' title='bbox 956 2167 1116 2214; x_wconf 82' lang='lat' dir='ltr'><strong>contInentur.</strong></span> 
     </span>
    </p>
   </div>
   <div class='ocr_carea' id='block_1_12' title="bbox 614 2374 861 2425">
    <p class='ocr_par' dir='ltr' id='par_1_12' title="bbox 614 2374 861 2425">
     <span class='ocr_line' id='line_1_26' title="bbox 614 2374 861 2425; baseline 0 -3"><span class='ocrx_word' id='word_1_247' title='bbox 614 2374 725 2423; x_wconf 85' lang='lat' dir='ltr'><strong>CAPUT</strong></span> <span class='ocrx_word' id='word_1_248' title='bbox 749 2375 861 2425; x_wconf 85' lang='lat' dir='ltr'><strong>CCXIV.</strong></span> 
     </span>
    </p>
   </div>
   <div class='ocr_carea' id='block_1_13' title="bbox 527 2505 949 2575">
    <p class='ocr_par' dir='ltr' id='par_1_13' title="bbox 527 2505 949 2575">
     <span class='ocr_line' id='line_1_27' title="bbox 527 2505 949 2575; baseline 0.002 -9"><span class='ocrx_word' id='word_1_249' title='bbox 527 2508 576 2566; x_wconf 91' lang='lat' dir='ltr'><strong>De</strong></span> <span class='ocrx_word' id='word_1_250' title='bbox 592 2505 740 2567; x_wconf 80' lang='lat' dir='ltr'><strong>Aduerbio</strong></span> <span class='ocrx_word' id='word_1_251' title='bbox 754 2508 949 2575; x_wconf 81' lang='lat' dir='ltr'><strong>Qonrnuus.</strong></span> 
     </span>
    </p>
   </div>
   <div class='ocr_carea' id='block_1_14' title="bbox 494 2654 978 2717">
    <p class='ocr_par' dir='ltr' id='par_1_14' title="bbox 494 2654 978 2717">
     <span class='ocr_line' id='line_1_28' title="bbox 494 2654 978 2717; baseline -0.004 -16"><span class='ocrx_word' id='word_1_252' title='bbox 494 2657 517 2702; x_wconf 89' lang='lat'><strong>1.</strong></span> <span class='ocrx_word' id='word_1_253' title='bbox 535 2654 657 2708; x_wconf 74' lang='lat' dir='ltr'><strong>Quatenus</strong></span> <span class='ocrx_word' id='word_1_254' title='bbox 667 2669 711 2716; x_wconf 88' lang='lat' dir='ltr'><strong>pro</strong></span> <span class='ocrx_word' id='word_1_255' title='bbox 723 2657 754 2703; x_wconf 88' lang='lat' dir='ltr'><strong>ad</strong></span> <span class='ocrx_word' id='word_1_256' title='bbox 765 2669 832 2717; x_wconf 80' lang='lat' dir='ltr'><strong>quern</strong></span> <span class='ocrx_word' id='word_1_257' title='bbox 844 2655 978 2703; x_wconf 84' lang='lat' dir='ltr'><strong>terminum.</strong></span> 
     </span>
    </p>
   </div>
   <div class='ocr_carea' id='block_1_15' title="bbox 174 2733 1288 2992">
    <p class='ocr_par' dir='ltr' id='par_1_15' title="bbox 174 2733 1288 2992">
     <span class='ocr_line' id='line_1_29' title="bbox 224 2733 1287 2797; baseline -0.001 -14"><span class='ocrx_word' id='word_1_258' title='bbox 224 2735 393 2793; x_wconf 71' lang='lat' dir='ltr'><strong>&#39;Quarrnus</strong></span> <span class='ocrx_word' id='word_1_259' title='bbox 410 2733 505 2797; x_wconf 80' lang='lat' dir='ltr'><strong>proprIe</strong></span> <span class='ocrx_word' id='word_1_260' title='bbox 521 2733 552 2781; x_wconf 91' lang='lat' dir='ltr'><strong>de</strong></span> <span class='ocrx_word' id='word_1_261' title='bbox 570 2734 623 2781; x_wconf 93' lang='lat' dir='ltr'><strong>loco</strong></span> <span class='ocrx_word' id='word_1_262' title='bbox 640 2733 688 2781; x_wconf 88' lang='lat' dir='ltr'><strong>dici</strong></span> <span class='ocrx_word' id='word_1_263' title='bbox 705 2735 813 2793; x_wconf 78' lang='lat' dir='ltr'><strong>videtur3</strong></span> <span class='ocrx_word' id='word_1_264' title='bbox 829 2736 866 2782; x_wconf 88' lang='lat' dir='ltr'><strong>uti</strong></span> <span class='ocrx_word' id='word_1_265' title='bbox 882 2735 967 2783; x_wconf 77' lang='lat' dir='ltr'><strong>Liuius</strong></span> <span class='ocrx_word' id='word_1_266' title='bbox 981 2734 1106 2797; x_wconf 85' lang='lat' dir='ltr'><strong>usurpavit</strong></span> <span class='ocrx_word' id='word_1_267' title='bbox 1123 2734 1141 2781; x_wconf 94' lang='lat' dir='ltr'><strong>l.</strong></span> <span class='ocrx_word' id='word_1_268' title='bbox 1151 2738 1193 2783; x_wconf 88' lang='grc'><strong>28.</strong></span> <span class='ocrx_word' id='word_1_269' title='bbox 1212 2751 1235 2782; x_wconf 87' lang='lat' dir='ltr'><strong>c.</strong></span> <span class='ocrx_word' id='word_1_270' title='bbox 1246 2740 1287 2784; x_wconf 80' lang='grc'><strong>89.</strong></span> 
     </span>
     <span class='ocr_line' id='line_1_30' title="bbox 174 2795 1288 2862; baseline 0 -15"><span class='ocrx_word' id='word_1_271' title='bbox 174 2795 276 2855; x_wconf 81' lang='lat' dir='ltr'><strong>&#39;Italiae‚</strong></span> <span class='ocrx_word' id='word_1_272' title='bbox 292 2799 339 2846; x_wconf 91' lang='lat' dir='ltr'><strong>nisi</strong></span> <span class='ocrx_word' id='word_1_273' title='bbox 350 2806 468 2860; x_wconf 85' lang='lat' dir='ltr'><strong>quatenus</strong></span> <span class='ocrx_word' id='word_1_274' title='bbox 485 2798 572 2846; x_wconf 83' lang='lat' dir='ltr'><strong>vallum</strong></span> <span class='ocrx_word' id='word_1_275' title='bbox 583 2807 712 2846; x_wconf 85' lang='lat' dir='ltr'><strong>castrorum</strong></span> <span class='ocrx_word' id='word_1_276' title='bbox 726 2799 809 2861; x_wconf 83' lang='lat' dir='ltr'><strong>cingit,</strong></span> <span class='ocrx_word' id='word_1_277' title='bbox 819 2799 883 2846; x_wconf 89' lang='lat' dir='ltr'><strong>nihil</strong></span> <span class='ocrx_word' id='word_1_278' title='bbox 898 2798 1040 2862; x_wconf 81' lang='lat' dir='ltr'><strong>reliqueritis</strong></span> <span class='ocrx_word' id='word_1_279' title='bbox 1051 2798 1136 2846; x_wconf 89' lang='lat' dir='ltr'><strong>Poeno.</strong></span> <span class='ocrx_word' id='word_1_280' title='bbox 1171 2799 1206 2846; x_wconf 82' lang='lat' dir='ltr'><strong>Et</strong></span> <span class='ocrx_word' id='word_1_281' title='bbox 1217 2815 1288 2848; x_wconf 73' lang='lat' dir='ltr'><strong>snex:</strong></span> 
     </span>
     <span class='ocr_line' id='line_1_31' title="bbox 190 2863 1287 2927; baseline 0 -15"><span class='ocrx_word' id='word_1_282' title='bbox 190 2865 331 2912; x_wconf 76' lang='lat' dir='ltr'><strong>Potentibus</strong></span> <span class='ocrx_word' id='word_1_283' title='bbox 341 2863 487 2924; x_wconf 83' lang='lat' dir='ltr'><strong>Saguntinis,</strong></span> <span class='ocrx_word' id='word_1_284' title='bbox 499 2871 526 2910; x_wconf 88' lang='lat' dir='ltr'><strong>ut</strong></span> <span class='ocrx_word' id='word_1_285' title='bbox 542 2863 659 2925; x_wconf 80' lang='lat' dir='ltr'><strong>quatenus</strong></span> <span class='ocrx_word' id='word_1_286' title='bbox 669 2873 721 2912; x_wconf 88' lang='lat' dir='ltr'><strong>tuto</strong></span> <span class='ocrx_word' id='word_1_287' title='bbox 739 2872 845 2927; x_wconf 85' lang='lat' dir='ltr'><strong>possent,</strong></span> <span class='ocrx_word' id='word_1_288' title='bbox 865 2864 958 2911; x_wconf 83' lang='lat' dir='ltr'><strong>Italiam</strong></span> <span class='ocrx_word' id='word_1_289' title='bbox 969 2872 1106 2925; x_wconf 87' lang='lat' dir='ltr'><strong>spectatum</strong></span> <span class='ocrx_word' id='word_1_290' title='bbox 1115 2863 1195 2923; x_wconf 83' lang='lat' dir='ltr'><strong>ireut3</strong></span> <span class='ocrx_word' id='word_1_291' title='bbox 1213 2864 1287 2912; x_wconf 87' lang='lat' dir='ltr'><strong>duces</strong></span> 
     </span>
     <span class='ocr_line' id='line_1_32' title="bbox 192 2927 1070 2992; baseline -0.001 -15"><span class='ocrx_word' id='word_1_292' title='bbox 192 2930 251 2986; x_wconf 86' lang='lat' dir='ltr'><strong>dati,</strong></span> <span class='ocrx_word' id='word_1_293' title='bbox 263 2930 384 2991; x_wconf 86' lang='lat' dir='ltr'><strong>literaequc</strong></span> <span class='ocrx_word' id='word_1_294' title='bbox 398 2944 439 2990; x_wconf 91' lang='lat' dir='ltr'><strong>per</strong></span> <span class='ocrx_word' id='word_1_295' title='bbox 449 2927 539 2991; x_wconf 86' lang='lat' dir='ltr'><strong>oppida</strong></span> <span class='ocrx_word' id='word_1_296' title='bbox 548 2928 636 2985; x_wconf 86' lang='lat' dir='ltr'><strong>missae,</strong></span> <span class='ocrx_word' id='word_1_297' title='bbox 648 2937 677 2976; x_wconf 89' lang='lat' dir='ltr'><strong>at</strong></span> <span class='ocrx_word' id='word_1_298' title='bbox 687 2929 809 2992; x_wconf 86' lang='lat' dir='ltr'><strong>Hispanos</strong></span> <span class='ocrx_word' id='word_1_299' title='bbox 820 2928 917 2976; x_wconf 85' lang='lat' dir='ltr'><strong>comiter</strong></span> <span class='ocrx_word' id='word_1_300' title='bbox 926 2929 1070 2992; x_wconf 83' lang='lat' dir='ltr'><strong>acciperent.</strong></span> 
     </span>
    </p>
   </div>
   <div class='ocr_carea' id='block_1_16' title="bbox 616 3043 888 3098">
    <p class='ocr_par' dir='ltr' id='par_1_16' title="bbox 616 3043 888 3098">
     <span class='ocr_line' id='line_1_33' title="bbox 616 3043 888 3098; baseline -0.007 -8"><span class='ocrx_word' id='word_1_301' title='bbox 616 3047 641 3090; x_wconf 92' lang='grc'><strong>2.</strong></span> <span class='ocrx_word' id='word_1_302' title='bbox 661 3043 784 3098; x_wconf 80' lang='lat' dir='ltr'><strong>Quatenus</strong></span> <span class='ocrx_word' id='word_1_303' title='bbox 794 3043 888 3088; x_wconf 74' lang='lat' dir='ltr'><strong>tralme.</strong></span> 
     </span>
    </p>
   </div>
   <div class='ocr_carea' id='block_1_17' title="bbox 124 3120 1290 3704">
    <p class='ocr_par' dir='ltr' id='par_1_17' title="bbox 191 3120 1290 3508">
     <span class='ocr_line' id='line_1_34' title="bbox 225 3120 1290 3185; baseline -0.001 -13"><span class='ocrx_word' id='word_1_304' title='bbox 225 3125 349 3179; x_wconf 82' lang='lat' dir='ltr'><strong>Quatenus</strong></span> <span class='ocrx_word' id='word_1_305' title='bbox 359 3129 395 3169; x_wconf 86' lang='lat' dir='ltr'><strong>est</strong></span> <span class='ocrx_word' id='word_1_306' title='bbox 406 3124 437 3170; x_wconf 89' lang='lat' dir='ltr'><strong>ad</strong></span> <span class='ocrx_word' id='word_1_307' title='bbox 447 3137 514 3185; x_wconf 85' lang='lat' dir='ltr'><strong>quern</strong></span> <span class='ocrx_word' id='word_1_308' title='bbox 530 3122 665 3170; x_wconf 80' lang='lat' dir='ltr'><strong>tenninum.</strong></span> <span class='ocrx_word' id='word_1_309' title='bbox 684 3121 731 3168; x_wconf 89' lang='lat' dir='ltr'><strong>Cui</strong></span> <span class='ocrx_word' id='word_1_310' title='bbox 741 3122 869 3184; x_wconf 77' lang='lat' dir='ltr'><strong>respondet</strong></span> <span class='ocrx_word' id='word_1_311' title='bbox 881 3127 985 3170; x_wconf 86' lang='lat' dir='ltr'><strong>eatenus.</strong></span> <span class='ocrx_word' id='word_1_312' title='bbox 1005 3123 1096 3170; x_wconf 75' lang='lat' dir='ltr'><strong>Clade</strong></span> <span class='ocrx_word' id='word_1_313' title='bbox 1113 3120 1195 3170; x_wconf 78' lang='lat' dir='ltr'><strong>Amic.</strong></span> <span class='ocrx_word' id='word_1_314' title='bbox 1216 3139 1239 3170; x_wconf 89' lang='lat' dir='ltr'><strong>c.</strong></span> <span class='ocrx_word' id='word_1_315' title='bbox 1250 3127 1290 3172; x_wconf 90' lang='grc'><strong>11.</strong></span> 
     </span>
     <span class='ocr_line' id='line_1_35' title="bbox 192 3185 1288 3248; baseline -0.001 -14"><span class='ocrx_word' id='word_1_316' title='bbox 192 3189 354 3243; x_wconf 86' lang='lat' dir='ltr'><strong>Quamobrem</strong></span> <span class='ocrx_word' id='word_1_317' title='bbox 371 3186 396 3232; x_wconf 93' lang='lat' dir='ltr'><strong>id</strong></span> <span class='ocrx_word' id='word_1_318' title='bbox 415 3187 660 3248; x_wconf 73' lang='lat' dir='ltr'><strong>priunumvidcatnus,</strong></span> <span class='ocrx_word' id='word_1_319' title='bbox 677 3195 797 3247; x_wconf 87' lang='lat' dir='ltr'><strong>quatenus</strong></span> <span class='ocrx_word' id='word_1_320' title='bbox 813 3201 877 3233; x_wconf 77' lang='lat' dir='ltr'><strong>antor</strong></span> <span class='ocrx_word' id='word_1_321' title='bbox 896 3186 922 3232; x_wconf 90' lang='lat' dir='ltr'><strong>in</strong></span> <span class='ocrx_word' id='word_1_322' title='bbox 937 3185 1044 3234; x_wconf 86' lang='lat' dir='ltr'><strong>amicitia</strong></span> <span class='ocrx_word' id='word_1_323' title='bbox 1062 3186 1176 3248; x_wconf 82' lang='lat' dir='ltr'><strong>progredi</strong></span> <span class='ocrx_word' id='word_1_324' title='bbox 1194 3186 1288 3235; x_wconf 81' lang='lat' dir='ltr'><strong>debeat.</strong></span> 
     </span>
     <span class='ocr_line' id='line_1_36' title="bbox 191 3250 1288 3310; baseline -0.003 -8"><span class='ocrx_word' id='word_1_325' title='bbox 191 3251 302 3309; x_wconf 82' lang='lat' dir='ltr'><strong>lrowfar,</strong></span> <span class='ocrx_word' id='word_1_326' title='bbox 314 3257 338 3298; x_wconf 90' lang='lat' dir='ltr'><strong>tc</strong></span> <span class='ocrx_word' id='word_1_327' title='bbox 348 3252 413 3300; x_wconf 80' lang='lat' dir='ltr'><strong>radat</strong></span> <span class='ocrx_word' id='word_1_328' title='bbox 423 3253 506 3310; x_wconf 79' lang='lat' dir='ltr'><strong>length</strong></span> <span class='ocrx_word' id='word_1_329' title='bbox 516 3267 543 3299; x_wconf 86' lang='lat' dir='ltr'><strong>er·</strong></span> <span class='ocrx_word' id='word_1_330' title='bbox 553 3257 644 3299; x_wconf 79' lang='lat' dir='ltr'><strong>extent.</strong></span> <span class='ocrx_word' id='word_1_331' title='bbox 676 3252 716 3298; x_wconf 89' lang='lat' dir='ltr'><strong>Id.</strong></span> <span class='ocrx_word' id='word_1_332' title='bbox 730 3251 800 3299; x_wconf 82' lang='lat' dir='ltr'><strong>Orat.</strong></span> <span class='ocrx_word' id='word_1_333' title='bbox 813 3268 835 3299; x_wconf 87' lang='lat' dir='ltr'><strong>c.</strong></span> <span class='ocrx_word' id='word_1_334' title='bbox 846 3255 886 3299; x_wconf 90' lang='grc'><strong>22.</strong></span> <span class='ocrx_word' id='word_1_335' title='bbox 903 3251 932 3297; x_wconf 90' lang='lat' dir='ltr'><strong>In</strong></span> <span class='ocrx_word' id='word_1_336' title='bbox 950 3250 1059 3298; x_wconf 90' lang='lat' dir='ltr'><strong>omnibus</strong></span> <span class='ocrx_word' id='word_1_337' title='bbox 1069 3250 1141 3297; x_wconf 87' lang='lat' dir='ltr'><strong>rebus</strong></span> <span class='ocrx_word' id='word_1_338' title='bbox 1157 3251 1288 3299; x_wconf 83' lang='lat' dir='ltr'><strong>videndum</strong></span> 
     </span>
     <span class='ocr_line' id='line_1_37' title="bbox 192 3314 1287 3378; baseline 0.002 -16"><span class='ocrx_word' id='word_1_339' title='bbox 192 3323 236 3371; x_wconf 88' lang='lat' dir='ltr'><strong>est,</strong></span> <span class='ocrx_word' id='word_1_340' title='bbox 248 3323 382 3378; x_wconf 82' lang='lat' dir='ltr'><strong>quatenus:</strong></span> <span class='ocrx_word' id='word_1_341' title='bbox 401 3315 447 3361; x_wconf 82' lang='lat' dir='ltr'><strong>etsi</strong></span> <span class='ocrx_word' id='word_1_342' title='bbox 462 3314 527 3362; x_wconf 90' lang='lat' dir='ltr'><strong>enim</strong></span> <span class='ocrx_word' id='word_1_343' title='bbox 541 3331 596 3362; x_wconf 89' lang='lat' dir='ltr'><strong>suus</strong></span> <span class='ocrx_word' id='word_1_344' title='bbox 614 3315 700 3378; x_wconf 88' lang='lat' dir='ltr'><strong>cuique</strong></span> <span class='ocrx_word' id='word_1_345' title='bbox 716 3316 801 3361; x_wconf 90' lang='lat' dir='ltr'><strong>modus</strong></span> <span class='ocrx_word' id='word_1_346' title='bbox 816 3323 862 3376; x_wconf 89' lang='lat' dir='ltr'><strong>est,</strong></span> <span class='ocrx_word' id='word_1_347' title='bbox 880 3323 958 3362; x_wconf 84' lang='lat' dir='ltr'><strong>tamen</strong></span> <span class='ocrx_word' id='word_1_348' title='bbox 973 3315 1046 3378; x_wconf 81' lang='lat' dir='ltr'><strong>magis</strong></span> <span class='ocrx_word' id='word_1_349' title='bbox 1058 3315 1160 3362; x_wconf 84' lang='lat' dir='ltr'><strong>offendit</strong></span> <span class='ocrx_word' id='word_1_350' title='bbox 1178 3316 1287 3372; x_wconf 85' lang='lat' dir='ltr'><strong>nImium,</strong></span> 
     </span>
     <span class='ocr_line' id='line_1_38' title="bbox 192 3378 1289 3445; baseline -0.001 -17"><span class='ocrx_word' id='word_1_351' title='bbox 192 3396 264 3443; x_wconf 86' lang='lat' dir='ltr'><strong>quam</strong></span> <span class='ocrx_word' id='word_1_352' title='bbox 276 3396 365 3441; x_wconf 86' lang='lat' dir='ltr'><strong>parum.</strong></span> <span class='ocrx_word' id='word_1_353' title='bbox 399 3380 440 3428; x_wconf 87' lang='lat' dir='ltr'><strong>Id.</strong></span> <span class='ocrx_word' id='word_1_354' title='bbox 451 3381 480 3428; x_wconf 86' lang='lat' dir='ltr'><strong>de</strong></span> <span class='ocrx_word' id='word_1_355' title='bbox 491 3379 569 3428; x_wconf 84' lang='lat' dir='ltr'><strong>Amic.</strong></span> <span class='ocrx_word' id='word_1_356' title='bbox 580 3396 602 3427; x_wconf 93' lang='lat' dir='ltr'><strong>c.</strong></span> <span class='ocrx_word' id='word_1_357' title='bbox 613 3384 653 3428; x_wconf 82' lang='grc'><strong>17.</strong></span> <span class='ocrx_word' id='word_1_358' title='bbox 675 3380 720 3426; x_wconf 84' lang='grc' dir='ltr'><strong>Εε1</strong></span> <span class='ocrx_word' id='word_1_359' title='bbox 731 3379 795 3427; x_wconf 91' lang='lat' dir='ltr'><strong>enim</strong></span> <span class='ocrx_word' id='word_1_360' title='bbox 809 3387 925 3444; x_wconf 78' lang='lat' dir='ltr'><strong>quatenus</strong></span> <span class='ocrx_word' id='word_1_361' title='bbox 937 3379 1047 3427; x_wconf 82' lang='lat' dir='ltr'><strong>amicitiae</strong></span> <span class='ocrx_word' id='word_1_362' title='bbox 1059 3378 1110 3426; x_wconf 86' lang='lat' dir='ltr'><strong>dari</strong></span> <span class='ocrx_word' id='word_1_363' title='bbox 1120 3379 1194 3428; x_wconf 85' lang='lat' dir='ltr'><strong>venis</strong></span> <span class='ocrx_word' id='word_1_364' title='bbox 1206 3381 1289 3445; x_wconf 88' lang='lat' dir='ltr'><strong>possit.</strong></span> 
     </span>
     <span class='ocr_line' id='line_1_39' title="bbox 192 3445 728 3508; baseline -0.006 -14"><span class='ocrx_word' id='word_1_365' title='bbox 192 3446 258 3495; x_wconf 87' lang='lat' dir='ltr'><strong>tltere</strong></span> <span class='ocrx_word' id='word_1_366' title='bbox 269 3447 291 3493; x_wconf 83' lang='lat' dir='ltr'><strong>is</strong></span> <span class='ocrx_word' id='word_1_367' title='bbox 301 3461 316 3493; x_wconf 90' lang='lat' dir='ltr'><strong>a</strong></span> <span class='ocrx_word' id='word_1_368' title='bbox 326 3446 418 3495; x_wconf 84' lang='lat' dir='ltr'><strong>certain</strong></span> <span class='ocrx_word' id='word_1_369' title='bbox 429 3446 501 3499; x_wconf 69' lang='lat' dir='ltr'><strong>remit,</strong></span> <span class='ocrx_word' id='word_1_370' title='bbox 516 3461 547 3508; x_wconf 86' lang='lat' dir='ltr'><strong>up</strong></span> <span class='ocrx_word' id='word_1_371' title='bbox 558 3450 581 3492; x_wconf 89' lang='lat' dir='ltr'><strong>ta</strong></span> <span class='ocrx_word' id='word_1_372' title='bbox 592 3445 677 3507; x_wconf 75' lang='lat' dir='ltr'><strong>wlstan,</strong></span> <span class='ocrx_word' id='word_1_373' title='bbox 688 3448 728 3508; x_wconf 75' lang='lat' dir='ltr'><strong>tsc.</strong></span> 
     </span>
    </p>

    <p class='ocr_par' dir='ltr' id='par_1_18' title="bbox 124 3509 1290 3704">
     <span class='ocr_line' id='line_1_40' title="bbox 136 3509 1289 3573; baseline -0.001 -14"><span class='ocrx_word' id='word_1_374' title='bbox 136 3514 139 3519; x_wconf 86' lang='lat'>&#39;</span> <span class='ocrx_word' id='word_1_375' title='bbox 226 3515 250 3559; x_wconf 78' lang='grc'><strong>3.</strong></span> <span class='ocrx_word' id='word_1_376' title='bbox 267 3511 390 3558; x_wconf 86' lang='lat' dir='ltr'><strong>Interdum</strong></span> <span class='ocrx_word' id='word_1_377' title='bbox 411 3509 509 3557; x_wconf 78' lang='lat' dir='ltr'><strong>refertur</strong></span> <span class='ocrx_word' id='word_1_378' title='bbox 528 3510 558 3556; x_wconf 87' lang='lat' dir='ltr'><strong>ad</strong></span> <span class='ocrx_word' id='word_1_379' title='bbox 577 3516 679 3571; x_wconf 82' lang='lat' dir='ltr'><strong>ternpus.</strong></span> <span class='ocrx_word' id='word_1_380' title='bbox 706 3509 758 3557; x_wconf 76' lang='lat' dir='ltr'><strong>lew</strong></span> <span class='ocrx_word' id='word_1_381' title='bbox 777 3510 841 3571; x_wconf 80' lang='lat' dir='ltr'><strong>long.</strong></span> <span class='ocrx_word' id='word_1_382' title='bbox 877 3509 928 3558; x_wconf 76' lang='lat' dir='ltr'><strong>cic.</strong></span> <span class='ocrx_word' id='word_1_383' title='bbox 939 3513 970 3558; x_wconf 73' lang='lat'><strong>14</strong></span> <span class='ocrx_word' id='word_1_384' title='bbox 988 3510 1096 3573; x_wconf 76' lang='lat' dir='ltr'><strong>Philipp.</strong></span> <span class='ocrx_word' id='word_1_385' title='bbox 1114 3526 1138 3557; x_wconf 92' lang='lat' dir='ltr'><strong>c.</strong></span> <span class='ocrx_word' id='word_1_386' title='bbox 1149 3515 1174 3558; x_wconf 82' lang='lat'><strong>5.</strong></span> <span class='ocrx_word' id='word_1_387' title='bbox 1193 3510 1289 3567; x_wconf 87' lang='lat' dir='ltr'><strong>Quibus</strong></span> 
     </span>
     <span class='ocr_line' id='line_1_41' title="bbox 192 3574 1290 3639; baseline -0.001 -16"><span class='ocrx_word' id='word_1_388' title='bbox 192 3575 305 3639; x_wconf 74' lang='lat' dir='ltr'><strong>auspiciis</strong></span> <span class='ocrx_word' id='word_1_389' title='bbox 314 3575 373 3623; x_wconf 87' lang='lat' dir='ltr'><strong>istos</strong></span> <span class='ocrx_word' id='word_1_390' title='bbox 390 3575 469 3624; x_wconf 81' lang='lat' dir='ltr'><strong>fasces</strong></span> <span class='ocrx_word' id='word_1_391' title='bbox 484 3574 569 3637; x_wconf 82' lang='lat' dir='ltr'><strong>Augur</strong></span> <span class='ocrx_word' id='word_1_392' title='bbox 581 3574 729 3636; x_wconf 83' lang='lat' dir='ltr'><strong>acciperem?</strong></span> <span class='ocrx_word' id='word_1_393' title='bbox 746 3583 865 3638; x_wconf 82' lang='lat' dir='ltr'><strong>quatenus</strong></span> <span class='ocrx_word' id='word_1_394' title='bbox 884 3574 1010 3622; x_wconf 83' lang='lat' dir='ltr'><strong>haberem?</strong></span> <span class='ocrx_word' id='word_1_395' title='bbox 1028 3574 1068 3622; x_wconf 89' lang='lat' dir='ltr'><strong>cui</strong></span> <span class='ocrx_word' id='word_1_396' title='bbox 1083 3574 1223 3629; x_wconf 78' lang='lat' dir='ltr'><strong>traderem?</strong></span> <span class='ocrx_word' id='word_1_397' title='bbox 1239 3575 1290 3624; x_wconf 78' lang='lat' dir='ltr'><strong>lare</strong></span> 
     </span>
     <span class='ocr_line' id='line_1_42' title="bbox 124 3639 528 3704; baseline -0.002 -15"><span class='ocrx_word' id='word_1_398' title='bbox 124 3656 131 3667; x_wconf 89' lang='lat'><strong>·</strong></span> <span class='ocrx_word' id='word_1_399' title='bbox 192 3639 528 3704; x_wconf 70' lang='lat' dir='ltr'><strong>langunculdlltuvetlemt</strong></span> 
     </span>
    </p>
   </div>
   <div class='ocr_carea' id='block_1_18' title="bbox 537 3757 943 3818">
    <p class='ocr_par' dir='ltr' id='par_1_19' title="bbox 537 3757 943 3818">
     <span class='ocr_line' id='line_1_43' title="bbox 537 3757 943 3818; baseline -0.01 -14"><span class='ocrx_word' id='word_1_400' title='bbox 537 3760 562 3804; x_wconf 83' lang='grc'><strong>4.</strong></span> <span class='ocrx_word' id='word_1_401' title='bbox 576 3757 708 3812; x_wconf 85' lang='lat' dir='ltr'><strong>Quatenus,</strong></span> <span class='ocrx_word' id='word_1_402' title='bbox 717 3769 758 3817; x_wconf 88' lang='lat' dir='ltr'><strong>pro</strong></span> <span class='ocrx_word' id='word_1_403' title='bbox 769 3770 814 3818; x_wconf 87' lang='lat' dir='ltr'><strong>qua</strong></span> <span class='ocrx_word' id='word_1_404' title='bbox 825 3770 857 3803; x_wconf 78' lang='lat' dir='ltr'><strong>ex</strong></span> <span class='ocrx_word' id='word_1_405' title='bbox 864 3760 943 3818; x_wconf 84' lang='lat' dir='ltr'><strong>perte.</strong></span> 
     </span>
    </p>
   </div>
   <div class='ocr_carea' id='block_1_19' title="bbox 186 3834 1293 4357">
    <p class='ocr_par' dir='ltr' id='par_1_20' title="bbox 193 3834 1292 4093">
     <span class='ocr_line' id='line_1_44' title="bbox 225 3834 1291 3898; baseline 0.002 -15"><span class='ocrx_word' id='word_1_406' title='bbox 225 3836 349 3885; x_wconf 86' lang='lat' dir='ltr'><strong>Interdum</strong></span> <span class='ocrx_word' id='word_1_407' title='bbox 359 3841 484 3897; x_wconf 84' lang='lat' dir='ltr'><strong>usurpatur</strong></span> <span class='ocrx_word' id='word_1_408' title='bbox 495 3850 539 3898; x_wconf 88' lang='lat' dir='ltr'><strong>pro</strong></span> <span class='ocrx_word' id='word_1_409' title='bbox 550 3850 595 3898; x_wconf 88' lang='lat' dir='ltr'><strong>qua</strong></span> <span class='ocrx_word' id='word_1_410' title='bbox 606 3841 718 3898; x_wconf 79' lang='lat' dir='ltr'><strong>exparte.</strong></span> <span class='ocrx_word' id='word_1_411' title='bbox 751 3837 802 3883; x_wconf 84' lang='lat' dir='ltr'><strong>Cic.</strong></span> <span class='ocrx_word' id='word_1_412' title='bbox 811 3835 827 3882; x_wconf 93' lang='lat' dir='ltr'><strong>l.</strong></span> <span class='ocrx_word' id='word_1_413' title='bbox 839 3841 861 3884; x_wconf 89' lang='lat' dir='ltr'><strong>l.</strong></span> <span class='ocrx_word' id='word_1_414' title='bbox 872 3837 942 3884; x_wconf 85' lang='lat' dir='ltr'><strong>Fam.</strong></span> <span class='ocrx_word' id='word_1_415' title='bbox 952 3849 988 3897; x_wconf 85' lang='lat' dir='ltr'><strong>ep.</strong></span> <span class='ocrx_word' id='word_1_416' title='bbox 1000 3839 1024 3884; x_wconf 90' lang='grc'><strong>2.</strong></span> <span class='ocrx_word' id='word_1_417' title='bbox 1042 3834 1196 3882; x_wconf 84' lang='lat' dir='ltr'><strong>Postulatum</strong></span> <span class='ocrx_word' id='word_1_418' title='bbox 1208 3842 1254 3893; x_wconf 88' lang='lat' dir='ltr'><strong>est,</strong></span> <span class='ocrx_word' id='word_1_419' title='bbox 1264 3843 1291 3885; x_wconf 86' lang='lat' dir='ltr'><strong>ut</strong></span> 
     </span>
     <span class='ocr_line' id='line_1_45' title="bbox 194 3898 1290 3962; baseline 0.002 -14"><span class='ocrx_word' id='word_1_420' title='bbox 194 3901 278 3949; x_wconf 91' lang='lat' dir='ltr'><strong>Bibuli</strong></span> <span class='ocrx_word' id='word_1_421' title='bbox 289 3902 409 3950; x_wconf 84' lang='lat' dir='ltr'><strong>sententia</strong></span> <span class='ocrx_word' id='word_1_422' title='bbox 419 3900 570 3948; x_wconf 88' lang='lat' dir='ltr'><strong>divideretur.</strong></span> <span class='ocrx_word' id='word_1_423' title='bbox 588 3901 712 3956; x_wconf 84' lang='lat' dir='ltr'><strong>Quatenus</strong></span> <span class='ocrx_word' id='word_1_424' title='bbox 722 3900 752 3947; x_wconf 91' lang='lat' dir='ltr'><strong>de</strong></span> <span class='ocrx_word' id='word_1_425' title='bbox 763 3900 879 3962; x_wconf 86' lang='lat' dir='ltr'><strong>religione</strong></span> <span class='ocrx_word' id='word_1_426' title='bbox 891 3900 994 3956; x_wconf 85' lang='lat' dir='ltr'><strong>dicabat,</strong></span> <span class='ocrx_word' id='word_1_427' title='bbox 1006 3898 1095 3947; x_wconf 92' lang='lat' dir='ltr'><strong>Bibulo</strong></span> <span class='ocrx_word' id='word_1_428' title='bbox 1110 3915 1237 3949; x_wconf 78' lang='lat' dir='ltr'><strong>assensum</strong></span> <span class='ocrx_word' id='word_1_429' title='bbox 1247 3913 1290 3950; x_wconf 82' lang='lat' dir='ltr'><strong>est.</strong></span> 
     </span>
     <span class='ocr_line' id='line_1_46' title="bbox 193 3964 1292 4028; baseline 0 -14"><span class='ocrx_word' id='word_1_430' title='bbox 193 3968 269 4024; x_wconf 86' lang='lat' dir='ltr'><strong>sofar</strong></span> <span class='ocrx_word' id='word_1_431' title='bbox 279 3983 307 4015; x_wconf 82' lang='lat' dir='ltr'><strong>as</strong></span> <span class='ocrx_word' id='word_1_432' title='bbox 316 3968 336 4016; x_wconf 83' lang='lat' dir='ltr'><strong>it</strong></span> <span class='ocrx_word' id='word_1_433' title='bbox 347 3968 437 4015; x_wconf 82' lang='lat' dir='ltr'><strong>related</strong></span> <span class='ocrx_word' id='word_1_434' title='bbox 452 3972 475 4015; x_wconf 86' lang='lat' dir='ltr'><strong>ta</strong></span> <span class='ocrx_word' id='word_1_435' title='bbox 484 3968 574 4028; x_wconf 78' lang='lat' dir='ltr'><strong>paytng</strong></span> <span class='ocrx_word' id='word_1_436' title='bbox 585 3966 712 4014; x_wconf 70' lang='lat' dir='ltr'><strong>&#39;obednnce</strong></span> <span class='ocrx_word' id='word_1_437' title='bbox 727 3971 751 4013; x_wconf 87' lang='lat' dir='ltr'><strong>to</strong></span> <span class='ocrx_word' id='word_1_438' title='bbox 767 3967 807 4014; x_wconf 79' lang='lat' dir='ltr'><strong>tle</strong></span> <span class='ocrx_word' id='word_1_439' title='bbox 817 3967 962 4015; x_wconf 83' lang='lat' dir='ltr'><strong>declaration</strong></span> <span class='ocrx_word' id='word_1_440' title='bbox 977 3965 1007 4023; x_wconf 78' lang='lat' dir='ltr'><strong>qs</strong></span> <span class='ocrx_word' id='word_1_441' title='bbox 1017 3965 1055 4013; x_wconf 83' lang='lat' dir='ltr'><strong>tlte</strong></span> <span class='ocrx_word' id='word_1_442' title='bbox 1066 3964 1187 4027; x_wconf 74' lang='lat' dir='ltr'><strong>Sibyllino</strong></span> <span class='ocrx_word' id='word_1_443' title='bbox 1207 3969 1292 4016; x_wconf 73' lang='lat' dir='ltr'><strong>eraek.</strong></span> 
     </span>
     <span class='ocr_line' id='line_1_47' title="bbox 195 4030 770 4093; baseline 0.002 -18"><span class='ocrx_word' id='word_1_444' title='bbox 195 4031 285 4077; x_wconf 70' lang='lat' dir='ltr'><strong>*aad</strong></span> <span class='ocrx_word' id='word_1_445' title='bbox 300 4033 338 4079; x_wconf 87' lang='lat' dir='ltr'><strong>Id.</strong></span> <span class='ocrx_word' id='word_1_446' title='bbox 354 4032 372 4078; x_wconf 90' lang='lat' dir='ltr'><strong>l.</strong></span> <span class='ocrx_word' id='word_1_447' title='bbox 389 4033 452 4079; x_wconf 56' lang='lat' dir='ltr'><strong>nde</strong></span> <span class='ocrx_word' id='word_1_448' title='bbox 466 4030 519 4093; x_wconf 81' lang='lat' dir='ltr'><strong>Off.</strong></span> <span class='ocrx_word' id='word_1_449' title='bbox 530 4045 551 4079; x_wconf 91' lang='lat' dir='ltr'><strong>c.</strong></span> <span class='ocrx_word' id='word_1_450' title='bbox 562 4034 586 4077; x_wconf 82' lang='grc'><strong>3.</strong></span> <span class='ocrx_word' id='word_1_451' title='bbox 598 4031 650 4076; x_wconf 89' lang='lat' dir='ltr'><strong>etl.</strong></span> <span class='ocrx_word' id='word_1_452' title='bbox 661 4035 684 4078; x_wconf 87' lang='grc'><strong>3.</strong></span> <span class='ocrx_word' id='word_1_453' title='bbox 696 4046 717 4078; x_wconf 92' lang='lat' dir='ltr'><strong>c.</strong></span> <span class='ocrx_word' id='word_1_454' title='bbox 730 4034 770 4079; x_wconf 88' lang='grc'><strong>12.</strong></span> 
     </span>
    </p>

    <p class='ocr_par' dir='ltr' id='par_1_21' title="bbox 186 4093 1293 4357">
     <span class='ocr_line' id='line_1_48' title="bbox 228 4093 1293 4158; baseline 0.001 -16"><span class='ocrx_word' id='word_1_455' title='bbox 228 4094 259 4122; x_wconf 70' lang='lat'><strong>*¹</strong></span> <span class='ocrx_word' id='word_1_456' title='bbox 271 4100 295 4142; x_wconf 79' lang='lat' dir='ltr'><strong>t.</strong></span> <span class='ocrx_word' id='word_1_457' title='bbox 305 4095 338 4142; x_wconf 93' lang='lat' dir='ltr'><strong>D.</strong></span> <span class='ocrx_word' id='word_1_458' title='bbox 351 4095 473 4150; x_wconf 81' lang='lat' dir='ltr'><strong>Quatenus</strong></span> <span class='ocrx_word' id='word_1_459' title='bbox 483 4109 526 4158; x_wconf 90' lang='lat' dir='ltr'><strong>pro</strong></span> <span class='ocrx_word' id='word_1_460' title='bbox 535 4095 643 4157; x_wconf 83' lang='lat' dir='ltr'><strong>queniam</strong></span> <span class='ocrx_word' id='word_1_461' title='bbox 654 4102 709 4157; x_wconf 90' lang='lat' dir='ltr'><strong>post</strong></span> <span class='ocrx_word' id='word_1_462' title='bbox 721 4095 857 4144; x_wconf 81' lang='lat' dir='ltr'><strong>Ciceronem</strong></span> <span class='ocrx_word' id='word_1_463' title='bbox 871 4093 920 4141; x_wconf 91' lang='lat' dir='ltr'><strong>dici</strong></span> <span class='ocrx_word' id='word_1_464' title='bbox 931 4099 1032 4157; x_wconf 85' lang='lat' dir='ltr'><strong>coepturn</strong></span> <span class='ocrx_word' id='word_1_465' title='bbox 1044 4100 1090 4142; x_wconf 89' lang='lat' dir='ltr'><strong>est.</strong></span> <span class='ocrx_word' id='word_1_466' title='bbox 1123 4094 1232 4149; x_wconf 78' lang='lat' dir='ltr'><strong>Quintil.</strong></span> <span class='ocrx_word' id='word_1_467' title='bbox 1243 4097 1260 4143; x_wconf 94' lang='lat' dir='ltr'><strong>l.</strong></span> <span class='ocrx_word' id='word_1_468' title='bbox 1269 4101 1293 4147; x_wconf 81' lang='grc'><strong>9.</strong></span> 
     </span>
     <span class='ocr_line' id='line_1_49' title="bbox 192 4158 1290 4221; baseline 0.001 -14"><span class='ocrx_word' id='word_1_469' title='bbox 192 4176 214 4207; x_wconf 85' lang='lat' dir='ltr'><strong>c.</strong></span> <span class='ocrx_word' id='word_1_470' title='bbox 228 4163 250 4206; x_wconf 82' lang='lat'><strong>3.</strong></span> <span class='ocrx_word' id='word_1_471' title='bbox 278 4159 401 4214; x_wconf 86' lang='lat' dir='ltr'><strong>Quatenus</strong></span> <span class='ocrx_word' id='word_1_472' title='bbox 410 4158 548 4215; x_wconf 86' lang='lat' dir='ltr'><strong>incidimus,</strong></span> <span class='ocrx_word' id='word_1_473' title='bbox 559 4161 630 4220; x_wconf 86' lang='lat' dir='ltr'><strong>paulo</strong></span> <span class='ocrx_word' id='word_1_474' title='bbox 648 4161 703 4221; x_wconf 90' lang='lat' dir='ltr'><strong>plus</strong></span> <span class='ocrx_word' id='word_1_475' title='bbox 713 4159 743 4206; x_wconf 92' lang='lat' dir='ltr'><strong>de</strong></span> <span class='ocrx_word' id='word_1_476' title='bbox 757 4160 844 4207; x_wconf 88' lang='lat' dir='ltr'><strong>scholis</strong></span> <span class='ocrx_word' id='word_1_477' title='bbox 855 4171 960 4221; x_wconf 81' lang='lat' dir='ltr'><strong>agemus.</strong></span> <span class='ocrx_word' id='word_1_478' title='bbox 993 4159 1061 4207; x_wconf 82' lang='lat' dir='ltr'><strong>Pllu.</strong></span> <span class='ocrx_word' id='word_1_479' title='bbox 1070 4160 1088 4205; x_wconf 94' lang='grc'><strong>1.</strong></span> <span class='ocrx_word' id='word_1_480' title='bbox 1099 4163 1122 4207; x_wconf 80' lang='grc'><strong>8.</strong></span> <span class='ocrx_word' id='word_1_481' title='bbox 1134 4174 1170 4221; x_wconf 83' lang='lat' dir='ltr'><strong>ep.</strong></span> <span class='ocrx_word' id='word_1_482' title='bbox 1181 4164 1206 4208; x_wconf 78' lang='grc'><strong>7.</strong></span> <span class='ocrx_word' id='word_1_483' title='bbox 1225 4160 1290 4218; x_wconf 86' lang='lat' dir='ltr'><strong>Qua·</strong></span> 
     </span>
     <span class='ocr_line' id='line_1_50' title="bbox 189 4223 1293 4288; baseline 0 -16"><span class='ocrx_word' id='word_1_484' title='bbox 189 4232 263 4272; x_wconf 78' lang='lat' dir='ltr'><strong>terras</strong></span> <span class='ocrx_word' id='word_1_485' title='bbox 281 4232 385 4288; x_wconf 81' lang='lat' dir='ltr'><strong>negatur</strong></span> <span class='ocrx_word' id='word_1_486' title='bbox 402 4223 471 4272; x_wconf 81' lang='lat' dir='ltr'><strong>noble</strong></span> <span class='ocrx_word' id='word_1_487' title='bbox 490 4223 532 4272; x_wconf 90' lang='lat' dir='ltr'><strong>diu</strong></span> <span class='ocrx_word' id='word_1_488' title='bbox 547 4224 639 4281; x_wconf 77' lang='lat' dir='ltr'><strong>rivere,</strong></span> <span class='ocrx_word' id='word_1_489' title='bbox 650 4224 813 4287; x_wconf 82' lang='lat' dir='ltr'><strong>rel&#39;rnquamus</strong></span> <span class='ocrx_word' id='word_1_490' title='bbox 828 4223 926 4285; x_wconf 85' lang='lat' dir='ltr'><strong>aliquid,</strong></span> <span class='ocrx_word' id='word_1_491' title='bbox 940 4238 987 4285; x_wconf 87' lang='lat' dir='ltr'><strong>quo</strong></span> <span class='ocrx_word' id='word_1_492' title='bbox 1003 4239 1049 4271; x_wconf 89' lang='lat' dir='ltr'><strong>nos</strong></span> <span class='ocrx_word' id='word_1_493' title='bbox 1063 4223 1152 4272; x_wconf 78' lang='lat' dir='ltr'><strong>vixisse</strong></span> <span class='ocrx_word' id='word_1_494' title='bbox 1167 4232 1293 4274; x_wconf 83' lang='lat' dir='ltr'><strong>testemur.</strong></span> 
     </span>
     <span class='ocr_line' id='line_1_51' title="bbox 186 4286 1127 4357; baseline -0.006 -16"><span class='ocrx_word' id='word_1_495' title='bbox 186 4292 250 4343; x_wconf 83' lang='lat' dir='ltr'><strong>Vult.</strong></span> <span class='ocrx_word' id='word_1_496' title='bbox 261 4291 279 4342; x_wconf 89' lang='grc'><strong>1.</strong></span> <span class='ocrx_word' id='word_1_497' title='bbox 291 4296 318 4343; x_wconf 89' lang='grc'><strong>2.</strong></span> <span class='ocrx_word' id='word_1_498' title='bbox 332 4293 405 4357; x_wconf 79' lang='lat' dir='ltr'><strong>Eteg.</strong></span> <span class='ocrx_word' id='word_1_499' title='bbox 416 4308 438 4342; x_wconf 92' lang='lat' dir='ltr'><strong>c.</strong></span> <span class='ocrx_word' id='word_1_500' title='bbox 450 4296 494 4343; x_wconf 78' lang='grc'><strong>42.</strong></span> <span class='ocrx_word' id='word_1_501' title='bbox 513 4292 602 4343; x_wconf 79' lang='lat' dir='ltr'><strong>Linea.</strong></span> <span class='ocrx_word' id='word_1_502' title='bbox 611 4293 631 4340; x_wconf 93' lang='grc'><strong>1.</strong></span> <span class='ocrx_word' id='word_1_503' title='bbox 643 4294 667 4339; x_wconf 89' lang='grc'><strong>1.</strong></span> <span class='ocrx_word' id='word_1_504' title='bbox 675 4305 704 4356; x_wconf 85' lang='lat' dir='ltr'><strong>p.</strong></span> <span class='ocrx_word' id='word_1_505' title='bbox 713 4294 757 4339; x_wconf 74' lang='grc'><strong>(15.</strong></span> <span class='ocrx_word' id='word_1_506' title='bbox 773 4289 854 4352; x_wconf 61' lang='lat' dir='ltr'><strong>(aad.</strong></span> <span class='ocrx_word' id='word_1_507' title='bbox 865 4286 933 4335; x_wconf 71' lang='lat' dir='ltr'><strong>Suet.</strong></span> <span class='ocrx_word' id='word_1_508' title='bbox 942 4289 1030 4334; x_wconf 73' lang='lat' dir='ltr'><strong>Claud.</strong></span> <span class='ocrx_word' id='word_1_509' title='bbox 1038 4289 1127 4345; x_wconf 47' lang='lat' dir='ltr'><strong>adin-t</strong></span> 
     </span>
    </p>
   </div>
   <div class='ocr_carea' id='block_1_20' title="bbox 503 4400 742 4579">
    <p class='ocr_par' dir='ltr' id='par_1_22' title="bbox 503 4400 742 4579">
     <span class='ocr_line' id='line_1_52' title="bbox 503 4400 742 4479; baseline 0 -34"><span class='ocrx_word' id='word_1_510' title='bbox 503 4436 513 4445; x_wconf 72' lang='grc' dir='ltr'>ι</span> <span class='ocrx_word' id='word_1_511' title='bbox 561 4400 590 4479; x_wconf 49' lang='lat'><strong>0⁹.</strong></span> <span class='ocrx_word' id='word_1_512' title='bbox 631 4420 657 4461; x_wconf 40' lang='grc' dir='ltr'><strong>’ἱ</strong></span> <span class='ocrx_word' id='word_1_513' title='bbox 737 4466 742 4473; x_wconf 44' lang='grc' dir='ltr'>ι</span> 
     </span>
     <span class='ocr_line' id='line_1_53' title="bbox 508 4482 658 4525; baseline 0 -16"><span class='ocrx_word' id='word_1_514' title='bbox 508 4488 520 4509; x_wconf 81' lang='grc' dir='ltr'>ι</span> <span class='ocrx_word' id='word_1_515' title='bbox 555 4482 599 4525; x_wconf 33' lang='grc'><strong>1.·</strong></span> <span class='ocrx_word' id='word_1_516' title='bbox 652 4502 658 4515; x_wconf 83' lang='grc'><strong>.</strong></span> 
     </span>
     <span class='ocr_line' id='line_1_54' title="bbox 546 4526 682 4579; baseline 0.015 -2"><span class='ocrx_word' id='word_1_517' title='bbox 546 4526 567 4571; x_wconf 63' lang='lat' dir='ltr'><strong>t</strong></span> <span class='ocrx_word' id='word_1_518' title='bbox 646 4558 682 4579; x_wconf 74' lang='grc'><strong>...</strong></span> 
     </span>
    </p>
   </div>
   <div class='ocr_carea' id='block_1_21' title="bbox 0 0 1347 4636">
    <p class='ocr_par' dir='ltr' id='par_1_23' title="bbox 0 0 1347 4636">
     <span class='ocr_line' id='line_1_55' title="bbox 0 0 1347 4636; baseline 0 0"><span class='ocrx_word' id='word_1_519' title='bbox 0 0 1347 4636; x_wconf 95' lang='lat' dir='ltr'><strong> </strong></span> 
     </span>
    </p>
   </div>
  </div>
 </body>
</html>
