2670 4636
71 213 164 293 narr]
413 209 470 269 DE
501 202 742 269 poeniceus
761 215 822 269 eto.
1107 211 1164 292 ’101

103 375 119 406 ·
130 375 188 424 Dio.
198 375 218 424 1.
227 376 268 426 10.
276 389 298 422 o.
307 376 332 422 o.
353 373 484 422 Samnitem
494 373 558 422 haud
573 373 628 423 dum
638 371 734 420 faederis
742 370 799 421 nori
810 366 948 435 pmdtebat.
980 371 1020 422 to
1030 372 1047 422 Ι.
1058 377 1082 423 2.
1092 388 1114 422 6.
1124 377 1164 423 52.

70 442 171 490 1.10.6.
184 442 226 488 25.
242 440 260 486 l.
271 447 297 487 et
311 455 332 487 c.
340 443 382 488 22.
394 445 419 487 et
428 440 447 486 1.
457 442 497 488 28.
510 455 532 488 o.
543 443 568 488 2.
595 437 607 461 ⁰
619 438 715 487 Idi-o.
725 452 747 484 c.
756 441 796 484 to.
806 443 867 485 extr.
895 436 987 484 Deerat
999 437 1041 501 qui
1051 439 1119 486 daret
1127 453 1166 485 ro·

71 521 193 620 ffisqm,
205 502 339 619 ngssloldqm
349 508 413 618 oelrt20
425 504 557 617 diie’ionec
571 504 632 616 :qtis
644 500 787 550 audentibus
805 499 906 567 siugulis
920 499 1016 549 invidie
1032 517 1057 551 se
1074 502 1167 551 offerre.

131 600 139 614 a
168 579 220 621 00⁸*
256 601 292 617 oo
320 584 360 617 nc·
405 584 477 616 ιθ(
520 584 559 617 ac·
603 599 633 617 ο.

43 672 47 681 ,
108 633 288 686 renouando
300 632 396 681 inirain
411 634 470 684 Vix.

103 699 159 748 Huc
170 699 269 747 tortasse
280 698 386 760 pertinet
394 697 456 746 illud
467 696 588 747 Ciceronis
603 696 620 745 1.
633 700 673 745 la.
682 696 713 745 od
726 693 801 746 nnn.
814 708 851 759 ep·
861 697 903 746 ai.
920 695 979 746 Cum
989 695 1077 761 poteris
1086 696 1167 762 igitur,

72 765 184 829 quoniam
195 764 266 812 etiam
277 762 336 812 dnm
347 763 413 810 abes.

302 870 327 916 4.
339 884 363 916 a.
373 866 455 924 Dum·
465 866 528 930 onio,
535 864 656 929 provided,
667 879 694 912 oo
703 880 745 923 as,·
755 879 799 927 pro
810 867 940 916 dumomdo.

69 941 72 948 ¹
104 939 172 999 nun
180 949 303 997 interdum
312 964 355 1012 pro
364 948 486 995 dammodo
499 954 632 1008 usurpatur.
651 946 702 994 cte.
711 945 729 992 1.
740 949 764 994 6.
771 947 825 996 Att.
835 962 871 1010 ep.
882 951 905 996 1.
926 947 965 996 Tu
978 948 1116 1006 meministi,
1124 966 1169 998 nos

72 1014 108 1084 sie
118 1029 198 1077 agere,
208 1021 245 1071 ut,
256 1020 315 1077 quot
324 1012 407 1069 vellet,
422 1010 578 1085 'praeiecturas
595 1016 708 1066 sumeret,
720 1009 777 1057 dum
789 1027 821 1060 ne
833 1012 982 1076 negotiatori.
999 1014 1038 1064 Io.
1050 1015 1066 1064 Ι.
1078 1018 1102 1065 8.
1112 1016 1168 1085 Aet,

73 1095 109 1142 ep·
119 1083 160 1129 lt.
176 1076 229 1142 Ego
239 1078 260 1126 si
271 1079 310 1126 cui
321 1076 397 1124 adhue
406 1075 485 1122 videor
494 1090 589 1137 segnior
598 1075 682 1130 tuisse,
693 1076 756 1149 dum.
766 1091 798 1123 ne
813 1076 865 1133 tibi,
881 1091 930 1124 non
942 1077 1029 1126 laboro.
1040 1079 1057 1127 i.
1067 1095 1088 1128 e.
1099 1080 1169 1130 dum·

73 1141 284 1218 ¹³⁰d⁹¹¹⁰¹²⁶b³³
304 1143 343 1217 ’μ’
355 1142 403 1252 'i'
414 1138 1170 1261 ttttsitttttittititttittttitttiti‘i

71 1205 456 1389 {demjoidoiiossfs'gipecitn
468 1270 520 1320 tint
532 1269 545 1318 1
559 1285 598 1320 ani
610 1221 723 1332 igninum
740 1271 769 1330 os
780 1237 845 1320 onie
856 1271 874 1320 I
882 1272 963 1322 donet
974 1273 1052 1322 mnu.
1067 1243 1115 1323 'Io
1124 1290 1169 1340 pro

139 1368 146 1386 a
188 1352 254 1386 flac·
297 1370 304 1384 ι
647 1361 650 1371 “
1202 1370 1205 1372 ’

274 1433 289 1463 't
296 1436 322 1490 β.
331 1433 399 1482 Dum
407 1438 486 1482 tomen
496 1392 685 1496 pro⁸dummodm
694 1432 809 1496 provided
820 1435 883 1497 only,
891 1449 918 1483 ao
928 1449 964 1485 oa.

108 1515 160 1564 cn.
174 1515 192 1563 l.
201 1519 227 1564 2.
237 1515 267 1564 de
279 1515 351 1563 Oret.
361 1529 383 1561 c·
395 1517 437 1562 77.
460 1513 496 1561 Ut
511 1513 537 1561 ia
550 1519 641 1562 oratore
653 1514 757 1577 optimus
769 1514 878 1578 quisque,
890 1515 925 1563 sie
941 1515 1003 1564 etin
1013 1515 1118 1565 oratione
1129 1518 1168 1565 fir-

75 1579 206 1629 missimum
215 1580 328 1644 quodque
339 1579 370 1626 sit
377 1577 495 1642 primum:
513 1577 570 1625 dum
580 1578 640 1625 iliud
650 1585 730 1626 tamen
746 1579 770 1626 in
786 1586 885 1642 utroque
902 1587 1019 1645 teneatur,
1029 1588 1057 1629 ut
1066 1597 1104 1638 ea,
1116 1597 1169 1645 qua

74 1645 204 1759 minian&
213 1642 481 1758 ἓῖτῑνὲηξιέτιοὲἰῗῖαᾶ
501 1641 668 1706 perorandum.
704 1644 767 1720 Ceio.
781 1644 798 1693 1.
808 1648 832 1695 3.
850 1660 872 1696 c.
883 1648 908 1696 4.
934 1645 1133 1710 Cotem.proes.i.
1145 1651 1169 1697 1.

404 1821 431 1868 γ.
442 1806 589 1865 Dounmodo;
599 1804 623 1866 is
629 1808 692 1870 only,
702 1807 795 1867 sotong
800 1819 836 1854 ot.

108 1888 242 1937 Dummodo
252 1885 414 1936 conditionem
425 1885 550 1948 significat.
567 1885 619 1935 Cio.
626 1886 644 1933 i.
651 1890 675 1935 7.
685 1887 741 1936 Aee.
748 1902 784 1950 ep.
795 1891 820 1935 7.
836 1885 956 1949 Agricolae
964 1886 1092 1952 nunquam,
1100 1887 1171 1938 dum·

76 1953 147 2000 modo
158 1952 231 2001 otiosi
245 1961 332 2010 essent,
343 1958 489 2000 recusarent.
523 1950 613 2001 *lor
627 1951 701 2001 cuit.
711 1954 825 2001 65619.
838 1952 891 2000 etl.
901 1957 940 2002 15.
951 1953 1006 2004 Ate.
1016 1968 1052 2016 ep.
1063 1958 1088 2003 o.
1157 1973 1181 2028 λ’

459 2048 480 2095 t.
495 2047 637 2104 Dummodo,
647 2048 712 2106 dnm,
722 2049 786 2096 dam.

109 2132 246 2181 Dummodo
263 2128 284 2178 si
292 2136 388 2194 propter
397 2129 446 2176 va
456 2127 574 2190 quandam
592 2142 657 2191 saepe
671 2127 810 2191 ponendum
818 2134 862 2184 est,
873 2126 961 2176 amittit
969 2129 996 2176 in
1004 2130 1173 2194 posterioribus

77 2196 201 2245 commatis
210 2197 287 2245 modo·
322 2197 374 2244 cte.
382 2194 409 2241 in
420 2195 524 2242 Brut-c.
532 2195 573 2240 82.
594 2192 680 2254 Siquis
686 2193 836 2258 jejunitatem
847 2198 873 2240 et
883 2193 1047 2242 siccitatemet
1057 2196 1174 2260 inopiam,
1214 2236 1221 2253 ,

76 2261 206 2309 dummodo
216 2261 247 2309 ait
259 2259 341 2324 polita,
360 2258 417 2306 dum
428 2259 524 2313 urbana,
533 2257 588 2305 dum
598 2257 706 2319 elegans,
725 2259 750 2304 in
760 2255 842 2305 Attico
854 2272 941 2320 genere
950 2259 1027 2322 pouit,
1045 2260 1091 2309 hoc
1106 2269 1172 2310 recte

77 2326 209 2374 duntaxat:
221 2327 264 2374 sod
274 2325 328 2389 quia
339 2323 431 2372 suntin
441 2320 530 2370 Atticis
543 2321 590 2370 alia
601 2323 706 2381 meliora,
715 2320 802 2377 videat,
812 2338 844 2371 no
853 2323 948 2388 ignoret
955 2325 1095 2374 varietatem
1105 2325 1171 2375 Atti-

77 2405 168 2440 eorum.

520 2510 540 2541 ε.
552 2493 684 2542 Dummodo
692 2506 731 2542 ne.

109 2575 173 2625 Cum
182 2573 289 2624 conditio
302 2589 391 2638 negans
410 2579 457 2631 est,
476 2572 577 2621 dicimus
595 2576 717 2622 dnmmodo
731 2587 761 2622 ne
777 2572 866 2637 potius,
883 2590 954 2638 quam
974 2579 1097 2629 dnmmodo
1115 2595 1172 2629 noa.

81 2642 132 2691 cn.
142 2643 175 2690 od
187 2641 235 2696 Qu.
252 2640 296 2689 Fr.
313 2640 331 2686 1.
346 2647 372 2686 et
382 2655 417 2702 ep.
435 2643 458 2688 1.
484 2639 521 2690 Sit
535 2641 627 2685 summa
641 2636 730 2700 injure
747 2639 849 2686 dicendo
864 2641 986 2697 severitas,
1000 2643 1126 2692 dummodo
1141 2656 1173 2693 na

77 2720 107 2754 ea
119 2707 225 2754 varietur
234 2704 318 2766 gratia.
341 2704 380 2753 id.
391 2705 407 2751 l.
417 2707 457 2752 ln.
467 2702 523 2752 Aet.
530 2718 566 2765 ep.
578 2707 618 2751 44.
634 2702 664 2749 id
673 2704 750 2764 ipsum
760 2702 847 2750 scribas
856 2705 938 2763 veiim,
949 2712 974 2752 te
984 2707 1044 2754 nihii
1054 2709 1173 2765 habuisse.

79 2770 144 2833 quod
155 2771 283 2827 scriberem
299 2768 427 2815 dnmmodo
437 2783 469 2814 ne
479 2767 518 2815 his
528 2767 615 2814 verbis.
632 2767 671 2815 Id.
681 2768 697 2814 Ι.
706 2770 746 2815 10.
758 2768 827 2817 Fam.
839 2783 874 2829 ep·
885 2772 925 2817 25.
952 2770 1104 2819 Veniendum
1115 2789 1173 2821 cen·

78 2851 127 2892 seo,
139 2833 268 2883 dummodo
278 2848 309 2880 ne
319 2833 377 2895 qnid
388 2835 438 2880 haec
456 2832 582 2879 ambitiosa
597 2831 719 2879 festinatio
738 2832 863 2879 iiuminunt
871 2832 921 2896 ejus
933 2835 1022 2896 gloriar,
1034 2851 1106 2899 quam
1116 2852 1173 2886 con-

78 2900 152 2948 secuti
172 2915 260 2948 sumus.
284 2898 302 2947 I
309 2897 379 2947 titinio
388 2898 440 2946 etat
448 2911 496 2960 yon
505 2896 580 2958 ought
591 2899 614 2944 to
624 2910 695 2951 come.
714 2896 828 2958 provided
838 2896 887 2946 titis
901 2899 1027 2950 ambitione
1036 2901 1103 2951 nasta
1113 2903 1176 2951 strati

77 2967 171 3014 dotroet
178 2963 351 3025 nottingsrom
360 2963 399 3013 tie
408 2963 482 3010 instro
490 2962 520 3020 of
525 2961 576 3008 ttrat
586 2961 727 3023 reputatione,
736 2960 812 3010 rottei
818 2975 853 3010 we
860 2961 918 3011 tooe
929 2963 1046 3016 obtained.
1077 2965 1092 2996 ⁴
1105 2967 1145 3016 Id.
1155 2967 1174 3017 1.

77 3031 103 3080 5.
114 3031 258 3080 demone.
269 3030 310 3077 48.

365 3152 368 3156 ·
405 3179 407 3183 ‚
438 3129 463 3173 5.
474 3116 664 3172 Dummodo'non
675 3136 717 3186 pro
725 3123 818 3172 monne.

92 3245 94 3248 -
110 3206 193 3258 Seaee·
203 3221 240 3272 ep.
251 3210 292 3257 54.
302 3202 430 3263 Quomodo
440 3203 520 3253 volet:
536 3201 663 3251 dummodo
671 3217 720 3250 non
728 3218 756 3250 ex
767 3202 845 3251 animo
857 3205 980 3269 suspirem.

350 3300 366 3332 ¹*
375 3306 400 3351 6.
409 3320 433 3351 a.
444 3302 524 3359 Dum,·
538 3301 618 3357 olem,
629 3301 655 3350 in
669 3301 708 3350 tite
720 3301 818 3351 interim
827 3301 916 3352 tonitat.
1050 3363 1051 3367 Ἰ

113 3387 198 3438 casae
207 3385 243 3434 Β.
255 3384 288 3433 G.
299 3384 317 3432 l.
327 3388 352 3434 4.
362 3398 385 3431 e·
395 3386 436 3432 et.
447 3384 461 3447 t
471 3388 495 3433 t.
506 3381 573 3430 Dum
581 3383 633 3431 haeo
642 3389 761 3447 geruntur,
771 3383 858 3447 reliqui
867 3383 1035 3434 discesserunt.

357 3489 457 3547 tnDum
463 3503 473 3546 ‚·
482 3487 553 3538 uim
559 3503 569 3546 ,·
578 3503 633 3536 cum
642 3487 742 3544 intereo,
753 3488 792 3535 vel
801 3488 907 3538 interim.

111 3581 181 3630 Atius
198 3595 254 3630 cam
269 3580 368 3629 intonen.
396 3578 493 3627 Terent.
504 3577 614 3626 Eunoen.
625 3579 649 3624 2.
663 3581 686 3625 5.
703 3575 763 3623 Haee
773 3575 829 3624 dum
839 3592 933 3626 mecum
944 3587 1035 3642 reputo,
1049 3580 1178 3634 arcessitur

80 3648 184 3696 lavatum
194 3646 286 3693 interea
295 3645 367 3707 virgo.
392 3643 493 3705 Ciopro
505 3642 588 3697 Quint.
598 3657 619 3689 c.
628 3645 653 3689 o.
676 3639 736 3688 Haec
747 3641 802 3688 dum
812 3641 898 3689 Romae
915 3653 1036 3706 geruntur,
1048 3647 1177 3703 Quinctius

78 3713 173 3760 interea
183 3711 215 3758 de
226 3710 287 3757 saltu
298 3722 402 3771 agroque
413 3707 531 3755 communi
540 3722 553 3753 a
562 3705 634 3753 servit
645 3706 808 3752 communibus
824 3707 847 3753 vi
863 3707 1004 3759 detruditur.
1018 3711 1099 3760 wttitst
1113 3712 1180 3762 tiore

79 3778 213 3838 tiingoore
224 3774 405 3836 transactingat
417 3773 501 3827 Ronre,
512 3771 638 3826 Quinctiae
647 3771 673 3819 in
684 3770 724 3818 tte
738 3770 870 3821 meantime
879 3771 911 3829 ie,
922 3775 963 3836 tse.
990 3773 1005 3802 a
1014 3773 1086 3823 Adde
1106 3779 1177 3828 man.

78 3857 123 3906 pro
134 3842 207 3890 Rose.
217 3839 274 3888 Am.
285 3854 307 3888 c.
317 3841 358 3886 32.
368 3843 393 3885 et
405 3837 500 3886 Terent.
512 3835 622 3884 Euneon.
633 3837 656 3882 2.
667 3837 691 3883 2.

113 3906 128 3936 ⁵
140 3906 196 3956 oto.
204 3905 222 3952 1.
231 3909 284 3954 8.e.
295 3905 336 3952 23.
357 3901 424 3949 Dum
434 3901 465 3948 od
477 3900 577 3948 Antium
588 3901 640 3947 haee
649 3905 770 3962 geruntur,
778 3895 874 3947 interim
885 3899 961 3963 AEqui
976 3916 1052 3949 arcem
1071 3904 1178 3968 capiunt.

81 3971 184 4035 1616.
203 3973 277 4018 om.
291 3969 345 4064 qo.
357 3966 585 4027 annotantem
601 3964 756 4013 anoton
772 3965 1038 4017 6166146626.
1058 3969 1130 4020 flere.
1140 3970 1176 4021 Β.

80 4034 138 4096 Ast.
148 4051 171 4083 c.
180 4036 221 4084 51.
233 4035 248 4097 §
258 4036 283 4084 6.

99 4189 102 4196 ¹
112 4211 124 4246 ⁷
136 4212 234 4261 Dtenne
243 4224 286 4272 pro
296 4209 419 4259 dummodo
428 4222 457 4256 ne
467 4206 600 4268 frequenter
610 4204 703 4256 dicitur.

10 4267 11 4277 ’
112 4274 165 4322 ej„
177 4275 298 4324 emerem&
305 4274 401 4336 seriptis
411 4270 467 4324 dom
479 4287 532 4321 cum
543 4272 643 4325 interim
657 4286 708 4324 non
721 4272 840 4341 reperias.
