2670 4636
110 286 276 361 enormen]
454 284 509 344 DE
541 282 780 343 PARTlCULlS
802 294 858 345 etc.
1145 290 1201 382 tol
1281 342 1283 360 ,

509 432 569 496 §IL
585 431 643 479 Pno
658 429 805 496 Interiectio.

143 514 195 562 Pro
214 528 278 576 sape
294 513 428 578 interjectio
446 522 484 562 est
501 513 666 569 exclamantis,
688 514 839 562 admirationi
856 520 898 562 eut
913 513 1071 578 indignationi
1088 517 1203 570 serviens.

111 579 192 626 cren
208 579 315 642 Philipp.
327 595 349 626 c.
360 583 400 629 13.
417 579 480 637 Quae'
495 594 542 634 res,
562 595 605 641 pro
624 585 704 626 sancte
723 578 836 641 Jupiter!
853 579 880 626 in
898 579 965 627 terris
984 588 1051 642 geste
1065 589 1102 629 est
1118 584 1202 648 major.

109 642 302 704 repromitte
319 659 340 691 c.
352 648 375 692 1.
393 645 441 693 Pro
451 645 485 692 dii
501 642 659 704 immortales!
679 650 803 691 tantumne
814 644 884 691 unius
895 645 997 692 hominis
1012 645 1157 695 incredibilis
1171 663 1201 697 ac

108 706 192 754 divine
210 709 285 755 virtus
303 710 364 756 lucis
383 708 466 756 afferre
485 710 546 771 reip.
565 708 660 771 potuit?
695 710 733 757 Id.
754 708 851 758 bVerr·
870 714 942 758 c060.
958 710 1006 757 Pro
1028 709 1109 758 Deum
1130 726 1201 776 atque
1252 765 1255 772 .

108 771 231 819 hominum
252 773 338 820 fidem!
365 775 420 822 Lio.
438 776 453 820 Ι.
469 777 510 821 22.
531 789 552 820 c.
571 777 610 822 14.
627 771 739 829 Tantum,
759 789 802 835 pro
824 773 907 821 dolori
931 774 1098 838 degeneramus
1118 791 1133 824 a
1152 793 1202 834 me·

104 836 200 899 joiibus
209 839 306 885 nostris.
315 838 335 870 ¹²
366 838 457 886 Itanos
468 838 575 886 dicemus
586 838 643 886 licet
650 852 693 901 pro
705 838 772 886 Deus
782 838 942 889 immertalis!
955 853 999 902 pre
1008 847 1088 891 sancte
1099 842 1187 893 Deus!

531 1016 644 1065 cucur
671 1015 785 1066 cxcvr.
817 998 823 1018 ‘

487 1133 536 1192 De
551 1131 698 1191 Aduerbio
707 1130 831 1190 Pnonn.

146 1261 235 1310 Pnosn
252 1271 298 1325 est,
314 1263 349 1310 ita
363 1262 497 1325 reprobari
514 1264 597 1324 possit,
610 1279 652 1309 seu
669 1271 744 1322 recte,
755 1271 783 1309 ut
793 1264 864 1310 decet
874 1265 946 1311 talem
957 1280 1007 1311 rem
1021 1267 1059 1313 vel
1070 1281 1205 1327 personam.

114 1329 167 1375 Cio.
178 1329 207 1377 de
218 1329 288 1377 Oret.
301 1328 316 1374 Ι.
329 1331 352 1376 3.
364 1345 385 1376 c.
394 1333 434 1376 50.
445 1328 522 1383 Quem
533 1335 560 1374 tu
570 1327 653 1390 probe,
664 1327 759 1384 Catule,
768 1327 904 1375 meministi.

512 1487 645 1551 *CAPUT
677 1488 805 1537 CXCVII.

552 1604 600 1663 De
614 1603 760 1662 Pnocuu.

148 1737 171 1780 1.
189 1733 298 1781 Pnocou
316 1734 455 1781 contrarium
474 1733 592 1780 interdurn
609 1732 681 1780 hebet
698 1732 810 1785 cominus·
828 1732 912 1782 nter.
923 1737 995 1782 111.
1007 1738 1047 1781 35.
1070 1734 1205 1783 Missilibus

111 1799 197 1861 procul
212 1792 279 1860 regia
292 1799 347 1846 auxi
352 1799 382 1846 iia
392 1798 476 1846 melius
486 1799 626 1862 pugnabunt
636 1815 641 1844 ι
659 1799 765 1845 cominus
775 1797 880 1845 stabilior
890 1804 915 1845 et
921 1797 1001 1856 tutior,
1013 1806 1054 1846 eut
1066 1814 1156 1863 parma,¹
1163 1808 1204 1849 eut

111 1871 183 1912 acuto
193 1862 325 1925 Ligustino,
343 1863 468 1911 Romanus
478 1872 537 1910 erat.

490 1962 506 1991 ⁶
516 1965 540 2012 2.
553 1963 642 2011 Procul
650 1977 705 2009 cum
719 1960 832 2008 ablativo.

146 2041 261 2106 Jungitur
280 2059 334 2089 cum
351 2043 455 2091 ablativo
471 2043 599 2099 interdum,
615 2042 808 2106 praetermissor.
832 2042 928 2090 Ennius
943 2057 982 2105 ep·
994 2043 1045 2092 cte.
1063 2044 1206 2094 1.r.·Fam.
1277 2030 1279 2041 Α

113 2119 150 2171 ep.
160 2111 185 2155 6.
208 2107 283 2154 Multi
293 2123 360 2155 suam
369 2124 419 2155 rem
430 2110 492 2156 bene
503 2122 605 2171 gessere,
617 2115 642 2154 et
652 2107 780 2170 poplicum,
793 2106 870 2170 patria
880 2108 973 2170 procul.

529 2205 544 2234 ⁸
556 2208 580 2252 3.
597 2205 687 2253 Procul
697 2204 791 2255 tralato·

148 2248 226 2333 lirul.
234 2289 258 2333 6.
268 2301 291 2332 c.
303 2289 342 2334 16.
359 2285 375 2333 J
378 2301 415 2332 am
426 2285 489 2332 haud
499 2285 580 2347 procul
591 2283 707 2332 seditione
717 2299 757 2331 res
767 2290 826 2332 eret.
837 2285 877 2331 Id.
889 2284 905 2330 Ι.
914 2288 938 2331 7.
950 2299 972 2331 c.
987 2288 1025 2334 14.
1041 2283 1113 2332 Haud
1123 2258 1206 2347 procul

111 2349 180 2425 justo
194 2349 275 2412 praelio
294 2365 332 2397 res
354 2357 412 2398 erat.
447 2351 510 2400 Ilid.
526 2366 550 2407 c.
562 2354 603 2399 37.
628 2348 761 2395 Multitudo
780 2348 845 2396 haud
863 2349 991 2412 proculab
1008 2365 1085 2397 rerum
1102 2351 1205 2397 omnium

105 2422 268 2478 mepraerat.
830 2445 833 2450 .

439 2503 457 2541 ³
469 2516 493 2562 4.
512 2489 569 2560 Nbrr
580 2512 618 2558 vel
629 2510 691 2559 lroud
700 2511 881 2572 procul-quim

148 2593 203 2643 Ilo.
215 2592 232 2640 1.
242 2598 266 2642 9.
278 2609 299 2641 c.
311 2597 335 2640 2.
361 2593 481 2656 Legiones
496 2592 635 2640 Samnitium
652 2591 779 2638 Luceriam
795 2591 903 2637 omnibus
922 2589 999 2651 copiis
1016 2590 1204 2639 circumsedere:

114 2673 160 2705 nec
171 2659 255 2720 procul
267 2659 360 2713 abeunt.
369 2659 427 2723 quin
435 2659 459 2706 vi
469 2659 572 2719 capient.
592 2657 646 2704 Lie.
654 2657 671 2702 1.
684 2660 707 2704 1.
718 2671 740 2703 c.
750 2659 774 2703 5.
791 2656 902 2703 Numitor
912 2654 977 2702 haud
987 2655 1067 2718 procul
1078 2664 1137 2712 erat,
1148 2657 1206 2719 quin

116 2721 220 2770 Remum
230 2730 376 2786 agnosceret.
411 2724 449 2772 ld.
459 2724 476 2771 1.
489 2730 512 2771 5.
523 2740 544 2771 c.
555 2726 580 2770 4.
592 2729 653 2768 extr.
664 2726 717 2789 etc.
732 2723 769 2768 12.

523 2899 633 2948 CAPUT
658 2896 803 2948 CXCVIII.

390 3018 438 3077 De
451 3016 600 3077 Aduerbio
615 3014 770 3073 Pnornne
785 2997 814 3073 et
829 3033 944 3074 neoru.

148 3132 172 3176 1.
189 3127 312 3175 Pnouron
330 3143 372 3175 seu
382 3131 460 3192 proin,
480 3128 545 3190 quod
563 3129 710 3175 decurtatum
730 3135 777 3182 est,
796 3127 913 3189 significet
928 3127 979 3176 ideo
993 3129 1032 3175 vel
1049 3129 1206 3191 quomobrem.

115 3193 169 3242 cic.
180 3193 206 3242 iri
219 3193 302 3243 Caecz'l.
314 3210 335 3241 c.
347 3198 387 3242 29.
404 3194 515 3250 Proinde,
529 3194 550 3240 si
560 3194 634 3258 sapis,
649 3192 714 3248 vide,
734 3193 791 3255 quid
809 3193 851 3239 tibi
862 3193 998 3240 faciendum
1010 3195 1049 3241 sit.
1083 3194 1121 3243 ld.
1137 3194 1152 3241 1.
1164 3199 1205 3245 12.

114 3260 188 3308 Fam.
199 3273 235 3321 ep.
246 3265 271 3309 6.
287 3258 392 3306 Proinde
401 3259 448 3314 fac,
457 3267 548 3306 tantum
561 3259 664 3305 animum
673 3258 770 3313 habeas,
780 3263 921 3320 tantumque
933 3266 1081 3321 apparatum,
1091 3267 1205 3320 quantum

113 3328 161 3372 cel.
196 3325 248 3372 Ter.
259 3325 368 3373 Eunuch.
380 3329 401 3371 1.
412 3328 434 3372 1.
452 3323 525 3371 Proin
535 3331 570 3380 tu,
582 3323 637 3371 dum
646 3332 741 3386 tempus
751 3334 797 3379 est,
808 3324 882 3370 etiam
892 3331 963 3385 atque
975 3325 1044 3372 etiarn
1054 3325 1141 3386 cogita.

429 3427 453 3472 2.
471 3422 635 3470 Proinde-ut
647 3437 691 3484 pro
698 3421 858 3485 proinde-oc
867 3421 896 3470 si.

151 3504 229 3552 Varro
241 3503 273 3552 R.
287 3504 317 3551 R.
328 3504 345 3551 1.
358 3506 381 3550 1.
393 3520 415 3551 c.
425 3506 449 3550 2.
467 3504 505 3551 Sic
517 3503 615 3557 fectum,
625 3508 652 3548 ut
663 3501 747 3549 Libero
757 3503 828 3565 petri,
843 3500 958 3565 repertori
967 3501 1032 3558 vitis,
1046 3502 1108 3550 hirci
1121 3502 1205 3551 immo·

112 3570 227 3624 latentur,
237 3568 338 3631 proinde
349 3576 376 3615 ut
386 3569 463 3631 capite
474 3567 559 3615 dorent
568 3582 657 3629 poenes.

145 3634 253 3682 Proinde
263 3634 392 3695 eaesi—oc
402 3649 454 3682 noe.
486 3633 586 3680 Sallust.
595 3633 657 3690 Jug.
667 3645 689 3677 c.
699 3634 724 3678 4.
736 3638 796 3677 extr.

146 3699 357 3762 Proinde—quusi
366 3713 420 3747 nore.
455 3697 504 3745 Cic.
513 3712 556 3760 pro
569 3697 664 3745 Cloerrl.
675 3711 697 3741 c.
707 3699 746 3744 39.
759 3700 820 3742 extr.
831 3694 930 3744 Sallust.
943 3697 1016 3744 Catil.
1026 3712 1048 3743 c.
1061 3699 1100 3744 12.

570 3798 593 3842 3.
611 3792 758 3841 Admonitio.

145 3878 254 3927 Proinde
264 3893 308 3941 pro
323 3879 419 3940 perinde
429 3877 450 3923 si
460 3876 555 3938 quondo
565 3882 704 3937 usurpatum
721 3872 817 3922 easdem
834 3872 1024 3935 conjunctiones,
1040 3873 1138 3920 eosdem
1148 3889 1205 3924 usus

111 3945 194 3990 babet.
226 3943 274 3991 Sed
286 3942 421 3996 ridendum,
434 3955 464 3988 ne
476 3941 551 3987 subsit
563 3940 673 3987 mendum
684 3947 709 3988 et
719 3940 816 4004 proinde
827 3939 919 4002 legetur
928 3952 971 4000 pro
978 3938 1086 4000 perinde.
1117 3938 1133 3968 ⁴*
1143 3938 1204 3988 Vide

111 4009 199 4070 Lepid.
210 4009 228 4054 1.
238 4012 279 4056 10.
292 4009 344 4056 Cic.
356 4010 424 4057 Fam.
435 4021 470 4068 ep·
479 4009 518 4056 at.

145 4073 203 4122 ⁴²⁴4.
215 4074 240 4120 S.
251 4072 285 4119 D.
295 4073 352 4120 Non
363 4079 458 4120 veretur
469 4071 589 4120 Boeclerrrs
599 4070 655 4119 lad.
665 4070 772 4133 edNep.
792 4083 824 4116 ne
838 4067 927 4129 ubique
937 4068 1050 4117 mendum
1059 4068 1099 4116 sit.
1131 4069 1205 4118 Certe

110 4139 226 4186 mendum
236 4152 289 4186 esse
305 4138 330 4186 in
341 4136 453 4187 Lucretio
465 4136 533 4183 nullo
551 4133 620 4182 modo
638 4141 726 4198 potest,
742 4133 783 4197 qui
798 4135 845 4182 hoc
861 4132 997 4194 significatu
1006 4133 1103 4198 proinde
1112 4133 1205 4184 duabus

363 4356 367 4367 ¹
465 4347 485 4379 ¹²
500 4346 531 4396 Iu
544 4347 606 4397 meis
617 4348 688 4400 libris
699 4350 772 4402 deest
782 4351 863 4404 dolor.
