2670 4636
172 273 230 349 338
494 269 667 332 flottam
695 268 939 331 TURSELLINI
1152 271 1273 350 [111161

206 417 246 470 ld.
263 416 281 467 l.
296 421 320 467 1.
334 420 366 468 od
378 417 426 474 Qu.
436 414 482 466 Fr.
492 433 529 481 ep.
540 422 565 468 l.
592 377 667 467 Simul
683 424 711 465 et
727 416 790 467 illud
804 417 892 482 cogita.
924 414 1012 465 *Ana
1025 416 1064 466 13.
1083 416 1103 465 1.
1114 419 1140 466 t.
1158 430 1197 479 ep.
1208 420 1235 464 4.
1249 420 1274 463 et

174 488 189 533 ὅ
205 483 274 534 Vm'·
286 488 426 547 011601μο
437 484 533 532 cime-
543 499 566 533 0·
577 488 618 534 Π·
629 484 668 533 Μ·
675 498 717 547 ΡΝ
727 484 797 533 m·
806 483 890 535 Anas·
906 481 940 532 Et
948 483 1019 531 flium
1027 480 1164 531 tibistflist
1174 483 1201 529 in
1210 495 1274 528 mn·

174 554 233 607 tem,
250 548 332 606 tacito.
342 547 543 613 quemadmodum
555 556 601 621 eet·
613 614 617 621 Ι
633 547 717 599 *And
727 549 768 598 16.
777 549 798 616 l.
807 551 832 598 7.
843 548 912 602 Fan.
920 564 957 613 ep.
967 552 1007 599 16.
1018 554 1068 599 ete
1084 547 1158 598 Vm.
1168 561 1192 596 e.
1200 548 1277 609 3161

173 610 194 664 ¹·
206 613 390 730 {iubieaiiffi
398 676 522 743 conjungit
538 676 649 727 interiora
658 693 711 726 eum
722 675 892 740 superioribus.
924 676 1000 727 Simul
1010 682 1037 725 et
1050 656 1113 725 illud
1122 673 1183 745 quis¹
1189 681 1228 722 est
1237 673 1276 738 qui

176 742 285 859 661111716ιὲ
301 748 369 802 next,
380 742 432 795 wito
439 745 515 793 woutu
525 745 644 794 animaist
652 758 700 808 unp
708 742 925 808 doubt'respeeting
933 743 982 793 tbis
990 747 1043 792 too?
1061 742 1171 809 Cinpro
1184 741 1278 802 Cluent-

544 911 569 957 6.
586 906 666 958 simu
675 907 745 972 quod,
755 906 819 970 quio,
830 911 866 963 ut,
877 921 916 956 ae.

211 985 336 1038 Adsciscit
351 994 430 1037 autem
443 987 561 1038 interdum
579 991 650 1054 quod,
668 989 733 1052 qaia,
747 993 784 1042 ut.
800 1002 852 1051 ae„
874 989 926 1038 Cic.
937 987 954 1036 l.
966 990 990 1036 1.
1002 986 1073 1037 Fam·
1089 1001 1127 1050 ep.
1146 989 1173 1034 7.
1203 984 1277 1034 Simul

178 1053 241 1117 quod
256 1052 335 1110 video,
352 1068 410 1116 non,
427 1061 455 1101 ut
470 1056 571 1104 antehac
590 1055 713 1118 putabam,
732 1053 834 1102 novitati
855 1069 906 1102 esse
925 1053 1034 1111 inrisum¹
1049 1067 1120 1100 meae.
1147 1049 1278 1112 ‘Aratu

179 1122 194 1166 3
209 1118 278 1168 Verr.
286 1133 310 1166 c.
320 1122 361 1169 32.
372 1118 472 1169 Satura
483 1120 558 1169 crttt.
569 1135 591 1168 c.
603 1123 643 1169 16.
655 1119 695 1168 Id.
707 1119 782 1168 Cutil.
793 1135 815 1166 c.
825 1122 868 1168 26.
885 1117 960 1166 Simul
970 1117 1027 1182 quia
1035 1116 1107 1165 nobis
1117 1117 1206 1164 eadem
1214 1117 1276 1165 bona

180 1183 289 1245 malaque
304 1197 359 1232 esse
375 1183 493 1232 intellexi.
526 1182 603 1233 ciel
619 1184 769 1251 11616647.
785 1183 861 1231 Simul
878 1191 906 1231 ut
924 1191 988 1232 esset
1002 1198 1082 1249 poena,
1098 1181 1166 1247 quod
1180 1181 1275 1246 alterius

178 1247 273 1311 patroni
282 1255 425 1297 testamento
435 1248 630 1312 obtemperasset.
662 1247 762 1298 6611611.
772 1248 891 1309 Jugurtb.
901 1264 924 1298 c.
934 1252 960 1298 4.
984 1246 1060 1297 Simul
1068 1263 1101 1297 ne
1111 1261 1158 1312 per
1174 1246 1276 1297 insoleu-

180 1311 238 1360 tiam
248 1311 303 1375 quis
311 1313 442 1371 existimet,
451 1314 541 1385 memet
553 1312 661 1362 studium
673 1328 750 1362 meum
760 1313 880 1362 laudando
891 1312 1015 1362 extollere.
1048 1372 1051 1380 Ι
1152 1373 1156 1379 .
1255 1356 1273 1377 q

446 1432 470 1478 7.
482 1430 562 1480 Simul
570 1444 640 1488 eum
656 1429 764 1492 together
775 1431 843 1487 witti,
855 1431 927 1492 along
937 1429 1006 1478 mitb.

213 1508 349 1572 Saepissime
359 1509 459 1559 assumit
467 1527 529 1562 cum.
542 1512 595 1561 Cic.
606 1511 623 1560 Ι.
635 1515 659 1559 a.
669 1512 742 1561 Taso.
752 1511 799 1566 Qu.
809 1514 848 1559 18.
870 1509 972 1567 Quodsi
981 1508 1021 1559 cui
1032 1508 1105 1557 simtu
1114 1506 1214 1556 animus
1224 1521 1275 1556 cnm

179 1588 204 1621 re
215 1574 327 1632 concidit,
339 1574 472 1639 agraribus
487 1576 534 1624 illis
543 1576 648 1640 antiquis
662 1575 811 1640 pbilosophis
823 1575 927 1640 petenda
936 1573 1058 1631 medicina
1073 1581 1121 1622 est.
1136 1574 1222 1622 should
1231 1574 1275 1627 lust

180 1637 330 1699 dissertant,
345 1643 392 1691 aad
402 1641 473 1702 along
483 1641 543 1691 ruitis
556 1642 609 1691 11161
619 1642 658 1690 bis
666 1640 760 1704 spirits.
792 1642 831 1690 Id.
840 1657 883 1705 pro
892 1641 964 1689 Dosa.
973 1655 996 1688 c.
1004 1644 1030 1690 7.
1046 1638 1154 1687 Senatum
1163 1638 1276 1687 autoritas

180 1717 275 1752 mecum
293 1705 360 1753 simul
378 1706 476 1754 reducta
492 1706 595 1754 ridetur.
628 1706 667 1756 16.
678 1723 700 1754 6.
712 1703 760 1757 36.
770 1704 921 1754 Volaterrani
937 1704 1048 1754 fruuntur
1062 1704 1194 1753 nobiscum
1209 1702 1275 1751 16661

179 1766 226 1816 bac
242 1768 347 1819 civitate.
379 1770 565 1835 1661666111.
582 1787 603 1819 u.
622 1775 661 1820 11.
690 1770 743 1819 Nisi
758 1770 886 1833 aliquoties
903 1784 936 1819 ex
954 1768 1134 1818 accusatoribus
1154 1768 1275 1817 vobiscum

179 1832 249 1880 simul
268 1834 396 1892 audissem,
412 1837 438 1885 id
455 1851 500 1899 ego
514 1851 563 1884 non
579 1837 711 1886 crederem.
742 1835 824 1884 *ndu
841 1835 963 1885 Columell.
980 1835 1053 1884 112.
1070 1850 1093 1883 c.
1107 1838 1149 1884 32.
1178 1833 1275 1884 Sallust.

181 1899 337 1948 vocitent.
353 1902 430 1961 (Cum
441 1901 557 1948 interdurn
573 1899 690 1949 omittitur
699 1900 832 1948 imitatione
843 1899 981 1948 Graecorum
991 1906 1019 1947 nt
1030 1915 1046 1948 a
1055 1899 1133 1948 Tacit.
1148 1897 1214 1948 Astu.
1224 1899 1241 1946 1.
1252 1900 1275 1946 3.

179 1977 202 2011 6.
211 1967 252 2013 64.
263 1972 310 2013 616.
326 1967 390 2028 quod
405 1966 489 2027 religio
499 1967 530 2013 sit
544 1966 638 2014 inuitari.
670 1964 772 2014 Etiamsi
786 1966 850 2013 enim
860 1965 934 2013 etiam
949 1980 979 2013 er
988 1979 1061 2013 aurea
1077 1972 1149 2012 aetate
1165 1964 1275 2027 exempla

179 2028 337 2140 proferuntur,
353 2038 380 2078 ut
390 2032 421 2079 ab
433 2031 535 2081 Heinsio
545 2031 575 2078 sd
589 2031 703 2082 Ovidium
719 2039 745 2078 et
759 2031 821 2088 aliis,
838 2037 921 2080 tamen
938 2044 968 2079 ea
983 2038 1067 2079 sunte
1085 2029 1171 2095 poetis,
1189 2029 1276 2093 quibus

190 2091 416 2162 ’661Ἑλληνίζιιν.)
577 2098 581 2103 ’
935 2095 940 2103 ’
996 2150 1001 2159 ,
1132 2152 1137 2159 ¹
1205 2159 1209 2166 Ι

310 2183 462 2237 'adimat
477 2201 512 2235 ar.
546 2187 734 2250 Simul-atque.
768 2187 930 2251 Simul-que,
946 2201 990 2251 pro
1004 2185 1145 2250 pariterue
1235 2220 1238 2225 -

212 2263 268 2312 Lis.
278 2264 294 2311 l.
306 2269 330 2312 ⁵.
340 2279 362 2312 c.
373 2269 397 2312 7.
423 2264 495 2314 Horae
510 2274 632 2315 momento
650 2267 719 2315 simul
732 2282 843 2330 aggerem
859 2283 887 2316 ac
902 2267 995 2324 vineae·
1011 2274 1061 2315 tam
1078 2267 1145 2331 longi
1160 2265 1275 2331 temporis

179 2343 247 2390 opus,
258 2328 396 2378 incendium
407 2331 494 2378 hausit.
527 2333 594 2380 161.
606 2338 631 2381 7.
643 2349 665 2380 c.
675 2337 716 2381 26.
734 2333 833 2381 Gallum
844 2333 950 2381 territum
965 2331 1069 2396 prodigii
1079 2333 1134 2380 talis
1145 2332 1274 2389 1166666·

177 2393 256 2456 lisque
274 2394 343 2441 simul
362 2409 389 2442 ac
409 2403 488 2443 mente
505 2397 633 2454 turbatum,
652 2397 762 2445 Valerius
779 2399 913 2446 obtruncat.
945 2396 1011 2445 Add.
1029 2397 1128 2447 Tacitus
1145 2398 1163 2444 l.
1174 2403 1198 2446 3.
1209 2397 1273 2448 Anu.

179 2474 201 2507 c.
214 2462 255 2508 31.
274 2461 287 2523 6
300 2465 324 2508 b.
336 2469 361 2507 et
371 2477 393 2508 c.
404 2465 445 2509 50.
458 2463 471 2524 6
482 2464 506 2509 2.
523 2461 579 2510 Liu.
594 2463 611 2509 1.
622 2465 646 2510 6.
658 2478 680 2510 c.
690 2467 729 2511 11.
746 2461 854 2510 Manlius
867 2461 1050 2518 niminaanimi,
1063 2479 1119 2511 curu
1134 2463 1197 2511 alios
1210 2463 1273 2525 prin·

177 2523 246 2588 cipes
256 2533 388 2586 sperneret,
400 2527 443 2573 uni
453 2525 578 2583 invideret,
589 2527 677 2574 eximi0
688 2527 897 2580 simulbonoribus
907 2535 979 2590 atque
990 2528 1127 2590 virtutibus,
1137 2529 1175 2579 M.
1186 2527 1273 2591 Eurio;

177 2603 240 2654 segre
250 2588 350 2654 ferebat,
360 2592 436 2638 solum
452 2607 504 2638 eum
514 2591 541 2638 in
548 2591 727 2656 magistratibus
739 2607 798 2640 esse.
816 2593 854 2642 16.
866 2608 888 2640 6.
899 2597 939 2641 33.
960 2592 1061 2641 Clausae
1076 2601 1160 2657 portas
1168 2590 1274 2651 Tusculi,

176 2653 325 2719 Latinosque
335 2655 406 2703 simul
423 2655 586 2704 obsidentium
598 2665 670 2720 atque
685 2659 832 2705 obsessorum
848 2658 927 2704 animo
938 2657 996 2705 binc
1006 2658 1094 2707 moenia
1110 2658 1175 2706 tueri
1183 2657 1274 2714 vident,

175 2718 244 2767 illinc
255 2734 334 2769 arcem
343 2734 491 2784 oppugnare.
524 2721 589 2769 Add.
601 2723 658 2771 Tac.
669 2723 685 2770 l.
697 2727 722 2771 6.
733 2723 798 2771 Ann.
811 2737 832 2769 c.
843 2726 884 2772 44.
901 2724 953 2832 63.
964 2730 989 2770 61
1002 2723 1086 2772 Gerra.
1098 2739 1121 2771 c.
1131 2726 1175 2772 36.
1192 2725 1241 2787 61.
1250 2730 1275 2770 at

177 2800 200 2832 c.
212 2788 252 2835 34.
264 2786 277 2848 6
287 2789 310 2834 4.
323 2786 421 2835 Sallust.
435 2787 593 2836 01111646.
604 2788 659 2837 ute.
670 2787 722 2836 ll.
733 2803 754 2834 c.
766 2791 806 2835 33.
818 2794 880 2834 extr.
926 2802 1026 2836 omanus
1035 2788 1166 2837 Fidenates
1179 2798 1205 2835 et
1217 2788 1272 2836 Vei·

176 2856 245 2897 entes
259 2848 369 2898 imbelles
383 2852 466 2899 hostes
485 2853 638 2915 compellans,
655 2853 723 2900 sactis
734 2852 804 2899 simul
816 2852 934 2915 dictisque
951 2853 1032 2900 odium
1046 2855 1138 2917 explet.
1173 2854 1212 2902 ld.
1224 2852 1241 2902 1.
1252 2859 1274 2902 6.

177 2929 199 2962 6.
209 2918 250 2962 26.
265 2914 359 2963 Adeste
373 2915 408 2963 dii
426 2923 500 2964 testes
514 2916 618 2974 foederis,
636 2927 662 2964 et
675 2917 781 2980 expetite
798 2932 880 2980 poenas
895 2917 988 2965 debitas
1004 2918 1075 2966 simul
1091 2917 1161 2966 vobis
1171 2917 1272 2975 violatis,

176 2979 291 3041 nobisque
306 2995 350 3042 per
368 2988 470 3029 vestrum
487 2997 576 3030 numen
591 2982 708 3045 deceptis.
740 2981 806 3029 Add.
824 2981 863 3031 16.
878 2982 895 3030 1.
905 2986 946 3031 42.
963 2997 985 3031 c.
995 2985 1020 3031 6.
1038 2987 1065 3031 61
1083 2984 1209 3034 0111111611.
1224 2983 1272 3032 ll.

177 3060 200 3094 6.
211 3048 236 3093 6.
256 3043 332 3093 Tacit.
349 3046 366 3092 l.
377 3050 401 3093 5.
410 3046 476 3096 Ana.
486 3062 509 3095 c.
522 3049 580 3111 166
592 3052 616 3097 2.
628 3056 653 3094 61
663 3048 680 3093 1.
691 3051 715 3095 6.
726 3063 747 3096 c.
760 3053 799 3098 37.
808 3049 821 3110 6
831 3051 854 3094 3.

511 3143 527 3174 ¹⁸
538 3149 562 3193 9.
578 3145 721 3194 Simul-et.
755 3145 834 3194 Simul
846 3149 935 3195 et—et.

210 3221 290 3270 Simul
299 3227 323 3270 et
334 3222 395 3270 idern
406 3231 453 3279 eet,
462 3224 527 3287 quod
537 3225 609 3274 simul
619 3242 655 3274 uc.
688 3226 744 3275 uto.
754 3226 772 3273 l.
782 3229 807 3274 6.
821 3242 845 3274 c.
854 3231 896 3277 46.
906 3228 1001 3289 Exque
1011 3225 1098 3275 adsciti
1108 3242 1194 3276 sumus
1202 3227 1272 3276 simul

175 3285 202 3333 in
212 3285 335 3335 civitatem
353 3295 379 3335 et
395 3296 483 3351 patres,
503 3291 574 3338 enixe
591 3306 687 3352 operam
705 3290 824 3350 dedimus,
836 3298 918 3351 61661.
950 3293 989 3341 16.
999 3292 1016 3338 l.
1026 3296 1050 3342 6.
1060 3308 1083 3339 c.
1097 3297 1138 3342 12.
1157 3293 1272 3342 Samnites

175 3351 244 3398 slrnul
251 3351 379 3400 rebellasse
389 3361 415 3400 et
424 3353 510 3402 vicisse
518 3354 800 3403 credebant'Ronranum.
818 3356 858 3406 tte
869 3356 989 3406 Samnites
997 3359 1113 3421 supposed
1120 3358 1162 3408 tite
1170 3360 1273 3408 1161111111

174 3415 312 3480 victorious,
330 3417 370 3466 tte
381 3425 481 3469 montem
497 3420 553 3485 tbeq
567 3421 674 3469 resumed
691 3421 755 3470 stett-
773 3435 846 3470 orms.
878 3421 944 3469 Add.
963 3421 1086 3471 cotumett.
1101 3422 1158 3473 1.2;
1179 3440 1200 3472 c.
1213 3426 1236 3471 l.
1249 3428 1273 3470 et

176 3482 233 3531 Tuc.
249 3483 265 3528 l.
277 3485 301 3530 2.
318 3481 384 3531 Ann.
401 3500 423 3530 6.
434 3485 524 3548 661.
536 3493 561 3532 61
577 3486 595 3532 l.
606 3490 631 3534 6.
648 3501 670 3534 c.
681 3488 787 3550 4664.
798 3487 853 3536 166.
867 3486 884 3533 l.
898 3491 922 3536 3.
938 3503 961 3536 6.
977 3490 1017 3536 62.
1036 3485 1140 3550 Equites
1157 3503 1191 3536 ex
1205 3489 1271 3552 equis
1304 3480 1316 3503 ⁴

174 3545 297 3604 desiliunt,
313 3547 500 3612 cedentibusque
508 3550 559 3613 jam
578 3551 626 3598 suis
643 3551 768 3614 provolant
777 3553 803 3599 in
815 3551 924 3614 primum,
935 3552 1054 3615 simulque
1073 3558 1099 3601 et
1115 3552 1183 3602 hosti
1193 3569 1220 3602 se
1231 3569 1272 3617 op·

173 3619 275 3676 ponunt,
292 3620 318 3660 et
328 3624 421 3675 aequato
436 3616 538 3677 primurn
558 3616 674 3679 periculo,
690 3616 780 3678 pudore
795 3616 882 3665 deinde
897 3616 989 3664 animos
1006 3615 1113 3679 peditum
1128 3618 1271 3672 accendunt

176 3679 229 3728 Cic.
250 3677 266 3724 Ι.
283 3680 308 3727 4.
329 3680 398 3729 Tusc-
416 3680 463 3735 Qu.
479 3697 501 3728 c.
514 3683 554 3728 28.
571 3681 617 3729 Illa
634 3683 707 3730 altera
720 3681 780 3730 ratio
796 3689 822 3730 et
839 3681 922 3738 oratio,
941 3697 994 3746 quae
1009 3682 1077 3729 simul
1095 3689 1122 3729 et
1135 3684 1272 3746 opinionem

171 3744 254 3791 falsam
272 3743 334 3790 tollit
348 3751 374 3791 et
390 3745 554 3806 egritudinem
564 3747 677 3803 detrahit,
692 3754 768 3794 estse
783 3745 881 3810 quidem
890 3747 979 3809 utilior,
994 3747 1037 3796 sed
1046 3761 1100 3796 raro
1111 3749 1231 3815 proficit..
1241 3748 1271 3796 Et

170 3807 214 3863 its,
226 3808 329 3855 historici
339 3810 479 3872 praesertim,
489 3827 552 3873 saepe
562 3812 700 3873 loquuntur.
1063 3834 1066 3839 ·

206 3872 262 3920 Huc
277 3874 339 3920 refer
353 3875 415 3922 illud
433 3878 526 3925 Coeecr.
543 3876 577 3924 Β.
591 3878 624 3925 G.
638 3876 656 3923 l.
665 3880 689 3926 4.
702 3891 724 3925 c.
736 3879 777 3924 24.
788 3877 802 3939 6
813 3879 837 3926 2.
860 3876 981 3925 Militibus
1002 3878 1073 3925 simul
1084 3885 1110 3926 et
1126 3878 1159 3926 de
1175 3878 1272 3928 natibus

173 3937 337 3995 desiliendum,
350 3949 376 3987 et
385 3941 496 3989 ductibus
512 3941 700 3997 consistendum,
713 3948 739 3989 et
754 3956 808 3989 cum
818 3942 927 3990 hostibus
937 3949 989 3991 erat
998 3943 1164 4008 pugnandum.

305 4059 339 4091 ο·
581 4043 621 4088 16.
640 4039 719 4088 Simul
731 4038 861 4087 iteratum.³
915 4041 918 4052 '

206 4088 329 4163 Interdum
343 4116 451 4168 iteratur.
485 4120 540 4169 Liv.
556 4121 574 4168 l.
586 4123 609 4168 1.
620 4137 641 4168 c.
652 4124 677 4169 6.
696 4119 767 4168 Adeo
782 4121 854 4169 simul
869 4121 1023 4186 spernebant,
1042 4120 1115 4170 simul
1133 4127 1225 4170 tantm
1242 4120 1266 4168 in

474 4337 486 4368 ὅ
503 4333 535 4383 16
545 4331 718 4383 historicorum
730 4329 828 4393 sumptis
837 4328 997 4391 pnbsiummu.
