2670 4636
103 207 160 266 666
194 162 248 245 ””·ῑ’·
299 238 301 243 -
431 201 602 265 nourrii
621 199 863 299 6666666611
1134 200 1192 282 ps

102 348 235 407 ridebatur,
247 348 288 399 cui
297 349 323 398 in
333 352 424 397 tantum
434 349 544 397 66666661
553 345 626 397 etiam
641 347 731 398 teritus.
763 347 829 398 Add.
839 349 857 398 1.
868 352 908 399 16.
916 364 940 398 6.
950 351 992 399 42.
1006 344 1091 398 VM·
1104 347 1126 396 1.
1133 350 1161 396 1.
1169 360 1196 398 e.

102 415 183 479 949.
199 413 530 474 Virintantumlsudandus,
539 413 685 476 inquantum
695 413 983 478 intelligivirtuspotest.
1015 412 1084 463 161
1094 416 1195 462 2.6.99

85 479 178 547 6192.
194 477 319 542 &sec-ep·
330 482 371 529 96.
386 478 426 528 Id.
435 479 529 534 Queat.
540 479 603 528 Nat.
613 479 630 526 1.
638 483 663 528 6.
674 495 697 527 6.
706 482 747 528 29.
762 479 895 528 lenissima
903 477 1196 542 lereingeniaintmtum

103 558 190 593 venere
200 542 342 607 formidinis,
358 549 386 590 ut
395 541 440 590 sibl
453 542 600 591 exciderent.
615 558 657 593 are
665 557 692 592 aa
706 543 776 593 macla
784 543 872 604 616616.
904 543 951 592 Sed
1019 552 1041 591 rt
1049 542 1097 591 hoo
1111 555 1196 590 exem·

88 653 92 662 .
103 609 171 673 plum
182 608 255 657 etiam
262 624 287 655 6.
298 610 339 657 29.
350 607 508 656 6666666661.
541 605 632 657 Ῥ1166
640 606 657 655 1.
668 611 707 656 le.
716 623 739 656 6.
749 611 791 659 49.
807 608 837 657 16
847 609 944 672 plenam
969 607 1001 657 'ei
1008 605 1196 671 potestatique

104 687 159 737 que
167 672 239 721 odore
249 672 396 736 precellunt,
406 686 438 720 ea
449 671 580 721 6166611616
590 680 710 734 prestare.
719 673 739 721 i.
747 687 769 722 e.
779 672 806 720 in
820 681 904 729 totum
915 674 1021 722 omnino.
1040 671 1109 720 Add.
1124 671 1143 719 1.
1154 675 1198 720 26.

103 752 126 786 6.
137 740 160 786 1.
177 735 378 788 1611111642.Ι
390 735 577 793 Abiee,larixiu
587 743 743 786 beneversum
754 737 847 800 posite.
879 737 963 788 Setae.
971 753 1010 802 ep.
1017 741 1061 787 96.
1069 737 1101 786 16
1111 750 1196 800 super-

103 814 206 851 vacuum
215 810 334 866 precepta
340 801 549 867 jurumenia
557 801 652 850 imstra.
1183 798 1190 815 “

365 915 389 948 ς.
405 899 437 949 ln
446 899 515 956 donc,
530 901 557 949 in
568 913 626 957 666,
637 900 664 949 in
674 901 772 951 6661666
780 901 932 950 6661661166.

139 979 220 1030 0161.
231 980 293 1030 Me
304 958 473 1030 Dtotncslo.
488 979 542 1029 Hoc
559 980 624 1028 idem
640 981 758 1044 significat
774 980 874 1030 Graecus
892 980 959 1046 ille(
1001 979 1007 993 ⁸
1062 979 1119 1045 )in
1135 981 1200 1029 hano

29 1075 34 1098 l
105 1045 252 1095 ”atentiam
266 1060 356 1093 vasus.
389 1044 596 1095 *1616166
607 1050 676 1109 664.
687 1046 756 1095 1611.
768 1045 859 1096 Min
874 1049 961 1110 6622.
1013 1060 1048 1094 rec
1066 1044 1198 1094 etineam

105 1110 248 1159 sententiam
258 1125 314 1158 oum
323 1109 400 1159 multa
409 1108 519 1165 dixisset,
528 1110 608 1158 aiebat
616 1110 685 1158 illurn
693 1111 725 1158 ad
736 1117 865 1164 extremum
875 1124 960 1160 manus
970 1110 1075 1158 dedisse
1088 1109 1159 1160 roien
1168 1111 1201 1160 be

106 1173 216 1225 16116616
230 1175 285 1225 llius
293 1175 362 1229 66661
372 1176 493 1230 66666666
503 1179 528 1223 16
538 1175 651 1224 tissone
660 1175 738 1240 effect.
750 1209 755 1218 .
770 1175 811 1223 ld.
821 1176 838 1223 1.
850 1178 891 1225 12.
899 1175 954 1226 Ast.
965 1190 1002 1239 ep·
1011 1178 1055 1224 22.

392 1269 446 1334 βξ.
464 1272 907 1336 1616666616,1666166666666666

53 1366 56 1371 ·
141 1352 245 1418 utapro
256 1351 340 1411 Quint.
351 1351 560 1428 6261666166
573 1369 633 1473 qq?
649 1353 769 1417 acciperet
780 1353 807 1402 in
822 1369 854 1402 ea
867 1355 922 1430 ipqa
938 1353 1020 1411 verba,
1046 1368 1085 1402 uas
1100 1351 1202 1400 unas·

107 1417 203 1475 edebat,
215 1433 262 1467 non
276 1426 398 1467 66666661
411 1416 549 1481 Alphenns.
627 1417 1040 1468 .1.666.98.1161666666666
1080 1417 1201 1467 feretum

107 1481 230 1533 Andoobo
238 1482 400 1546 conscripum
409 1489 455 1532 eat.
487 1483 528 1532 ld·
537 1484 556 1531 Ι.
567 1487 609 1534 91.
619 1499 642 1532 6.
652 1487 677 1532 9.
694 1483 793 1534 Petron.
803 1484 860 1534 Sat.
870 1499 893 1533 6.
903 1487 960 1534 111.

498 1579 514 1610 ⁸
524 1599 549 1640 η.
566 1581 598 1630 Ia
610 1581 811 1641 dancsomtiatn·

142 1663 194 1712 696.
202 1677 247 1727 pro
258 1662 331 1713 Ruso.
341 1662 398 1712 Am.
407 1677 430 1712 o.
440 1665 465 1709 6.
481 1660 585 1710 Perinde
594 1677 622 1710 ac
632 1661 688 1710 siin
696 1663 759 1711 bane
768 1662 893 1711 romulam
902 1663 983 1711 omnia
989 1659 1084 1726 judicia
1091 1660 1204 1726 legitima

107 1728 222 1777 conclusa
230 1734 256 1775 et
265 1729 435 1790 comprehensa
442 1725 498 1774 sint.

140 1792 186 1842 *9.
203 1792 301 1842 Tacitus
310 1807 374 1855 saepe
385 1790 445 1839 dicit
453 1791 480 1839 in
493 1791 553 1840 dane
567 1790 727 1847 somramoet.
744 1791 762 1840 1.
773 1794 813 1839 16.
828 1791 895 1841 Aren.
913 1807 936 1840 6.
945 1795 987 1842 24.
1001 1791 1088 1854 Legati
1098 1790 1202 1839 Partho-

108 1872 163 1906 rum
173 1856 287 1906 mandata
295 1857 359 1920 regis
366 1855 493 1919 Vologesis
500 1854 659 1918 binasquein
667 1855 872 1905 eandemt'ormam
882 1856 993 1905 attulm.
1014 1856 1055 1905 ld.
1064 1856 1082 1904 1.
1092 1859 1134 1906 16.
1142 1871 1165 1905 6.
1178 1858 1204 1904 1.

19 1973 29 1991 ἱ
107 1921 187 1984 Specn
196 1934 283 1984 magna
291 1921 328 1968 vis
341 1919 392 1967 auri
407 1920 549 1975 continetur,
559 1933 609 1967 non
616 1919 643 1967 in
653 1921 751 1968 formam
762 1921 870 1981 pecunie
881 1920 922 1970 sed
932 1921 986 1968 rudi
996 1920 1130 1984 etantiqua
1139 1933 1204 1983 pon·

107 1984 173 2035 dere.
198 1985 298 2035 Sueten
309 1984 471 2047 Caligo-19.
491 1984 506 2014 “
513 1983 568 2033 1166
577 1984 700 2047 pertinent
708 1983 752 2032 illa
764 1985 839 2033 Tacit.
852 1986 870 2033 1.
880 1989 906 2033 6.
921 1985 991 2035 Η161.
1002 2000 1024 2033 6.
1034 1980 1076 2034 29.
1087 1987 1102 2050 6
1113 1988 1138 2033 ’1.
1155 1983 1205 2032 Ρι-
1253 1996 1256 2003 ·

107 2049 209 2098 lustrem
219 2049 380 2111 humilemque
391 2048 493 2098 insulam
503 2048 529 2097 in
543 2048 630 2097 faciem
643 2050 723 2113 stagni
732 2048 849 2112 implevit.
872 2049 946 2114 Apul.
957 2044 975 2097 12
986 2053 1011 2099 9.
1021 2051 1126 2100 Metam.
1139 2055 1205 2097 extr.

106 2113 138 2162 Ia
149 2113 210 2162 aaini
219 2113 305 2162 faciem
315 2113 377 2161 ioens
387 2113 505 2160 rodebam.
533 2114 632 2162 Sueten.
646 2115 730 2163 Claud.
740 2131 762 2162 6.
773 2117 815 2164 29.
839 2113 966 2178 congestis
980 2113 1037 2178 pilis
1052 2112 1207 2179 superposuit

108 2177 247 2228 altissimam
255 2176 336 2225 turrim
345 2177 372 2225 in
382 2177 519 2240 exemplum
530 2176 687 2226 Alexandrini
696 2178 778 2226 Phari.

426 2272 441 2302 ³
454 2291 478 2322 a.
489 2273 522 2322 In
532 2273 575 2322 lias
585 2275 656 2335 leges,
664 2273 693 2324 t'n
701 2277 794 2325 sudem
804 2277 876 2338 leges.

92 2386 94 2391 ·
141 2357 197 2406 Ls'u·
207 2356 225 2404 l·
236 2358 277 2404 29.
288 2370 310 2403 6.
320 2358 359 2404 94.
376 2353 406 2401 16
417 2355 460 2404 lias
474 2354 547 2402 ferme
558 2355 624 2417 leges
639 2354 701 2402 inter
714 2353 815 2404 Poennrn
830 2355 916 2405 ducem
933 2358 1071 2420 legatosque
1085 2356 1206 2408 Macedo·

109 2437 165 2470 nam
182 2421 258 2469 ictum
268 2419 354 2468 leam.
370 2420 410 2468 Id.
421 2420 438 2468 1.
449 2422 491 2469 42.
503 2434 524 2467 6.
533 2421 573 2468 62.
589 2418 676 2468 Foedus
686 2419 712 2466 in
723 2420 821 2468 easdem
829 2420 896 2484 leges
904 2429 1055 2486 renovarent.

135 2522 163 2576 9.
182 2520 213 2569 la
227 2517 341 2582 6666166,·
359 2517 386 2566 ia
395 2488 583 2582 appearancei'ra
592 2531 745 2580 appearance,
756 2518 801 2577 for
809 2518 958 2583 appearanoe'
968 2519 1033 2584 66166,
1043 2524 1069 2569 to
1078 2520 1139 2584 keep
1148 2535 1181 2586 sp

143 2667 176 2715 In
185 2666 293 2730 speeiem,
325 2665 377 2714 Cic.
388 2667 404 2711 6
419 2662 487 2714 Vm.
498 2678 520 2710 6.
530 2597 810 2712 99.α11ξ66;;ἴ;;8616666
821 2663 846 2710 in
861 2643 980 2728 speciem,¹
991 2665 1036 2714 sed
1052 2663 1122 2730 inops
1133 2671 1158 2714 et
1167 2665 1208 2714 in-

110 2730 186 2781 firma.
203 2736 228 2781 ta
244 2730 279 2780 all
287 2743 439 2794 appearance,
454 2743 481 2777 aa
492 2727 537 2786 sar
551 2741 578 2775 aa
587 2743 731 2791 6666666666
748 2734 819 2778 went.
853 2729 908 2778 Lio.
924 2730 941 2777 l.
958 2733 999 2779 99.
1010 2746 1032 2778 6.
1043 2734 1083 2779 16.
1101 2730 1207 2779 Cartha·

110 2796 221 2858 &nenses
230 2795 329 2844 mittunt
338 2795 429 2858 legatos
438 2791 550 2850 Rolnam,
561 2793 677 2841 ducentes
686 2808 774 2856 paucos
784 2793 809 2840 in
821 2793 926 2856 speciem
935 2794 1050 2858 captivos.
1068 2798 1092 2842 16
1106 2797 1176 2844 make
1190 2812 1208 2845 a

110 2862 175 2909 611666
180 2862 213 2931 pf
218 2862 346 2911 obediente.
379 2860 419 2909 la.
429 2858 478 2906 lt.
484 2873 506 2905 6.
514 2860 556 2906 42.
574 2857 630 2905 Ν66
638 2859 749 2921 precibus
757 2857 911 2914 tribunorum,
922 2875 976 2922 quae
983 2859 1007 2904 in
1016 2858 1122 2922 speciem
1130 2859 1209 2908 modo

16 2964 19 2969 .
107 2924 234 2988 jactantur,
243 2925 286 2974 sed
295 2925 383 2973 auxilio
391 2922 490 2971 confidit
497 2937 558 2970 reus.
591 2922 630 2971 la.
640 2923 658 2970 l.
668 2926 709 2972 98.
717 2939 738 2971 6.
746 2926 786 2972 21.
804 2922 912 2971 Aculeus
918 2923 1008 2986 sagittae
1016 2924 1131 2971 introrsus
1138 2923 1208 2972 tenui

79 3008 85 3021 ·
112 2990 209 3039 uulnere
218 2991 244 3039 in
254 2991 359 3054 speciem
369 2988 422 3035 urit.
455 2989 494 3036 la.
504 2987 520 3034 l.
531 2988 555 3034 9.
566 2992 624 3046 69.
641 2986 874 3050 Dilatainspeciem
888 2988 992 3044 actone,
1003 3002 1028 3035 re
1038 2987 1093 3051 ipsa
1101 2988 1209 3040 sublata.

99 3128 106 3145 „
160 3101 176 3132 ¹
188 3102 220 3150 In
234 3104 334 3166 speciem
344 3116 386 3165 pro
396 3101 423 3150 in
431 3102 538 3160 modurn3
555 3106 580 3150 16
589 3102 624 3150 611
633 3115 774 3164 appearance
784 3101 839 3156 lt'lce,
849 3101 914 3160 after
924 3101 964 3150 tlte
974 3102 1111 3161 naamani,
1121 3118 1158 3152 aa.

147 3181 269 3230 Columell.
279 3183 297 3229 1.
307 3187 332 3231 9.
345 3185 419 3230 619.
435 3179 630 3229 Totum'exarnen
640 3181 780 3244 inspeciem
795 3181 865 3228 unius
876 3197 928 3229 uve
944 3181 1074 3244 dependet.
1097 3181 1211 3234 Stridon.

115 3247 223 3308 Compos.
235 3248 291 3294 199.
308 3245 433 3308 Bnprestis
449 3245 507 3293 iacit
518 3254 644 3301 tumorem,
661 3245 824 3308 stomachique
836 3245 958 3294 infinitum
974 3245 1086 3303 dolorem,
1103 3256 1131 3296 et
1139 3247 1211 3298 inflat

113 3315 191 3359 totum
199 3323 283 3372 eorpus
292 3309 319 3358 in
330 3309 436 3372 speciem
447 3309 581 3374 hydropici.
592 3325 620 3359 aa
630 3312 657 3358 ia
667 3325 683 3359 6
692 3309 810 3374 1166661661
817 3310 951 3373 complaint.

476 3424 503 3466 7.
520 3408 552 3456 In
563 3406 650 3465 orbem,
662 3421 707 3470 pro
714 3421 759 3471 per
767 3409 838 3459 nicet.

146 3489 202 3541 ms.
210 3489 229 3537 l.
235 3492 259 3536 6.
267 3504 289 3538 6.
296 3492 336 3538 19.
351 3487 420 3537 Sene
425 3488 491 3537 hore
499 3489 525 3536 in
533 3489 615 3537 orbem
625 3488 693 3553 operi
702 3489 821 3539 attribute
831 3496 896 3538 aaut.
910 3490 952 3540 aix
961 3490 1212 3542 masmunster

108 3553 721 3618 1666661161666666166666616666161666161166.
737 3557 778 3604 Id.
786 3556 867 3604 l.l.c.
875 3560 915 3604 11.
931 3555 1025 3602 Decem
1032 3554 1212 3618 imperitabant,

115 3635 179 3668 unns
189 3635 245 3670 cum
253 3618 387 3683 insignibus
396 3618 491 3683 imperii
506 3626 532 3667 et
541 3618 664 3668 lictoribus
676 3626 742 3667 erat:
758 3617 863 3684 quinque
874 3620 965 3668 dierum
988 3621 1066 3682 spatio
1080 3620 1213 3675 finiebatur

115 3683 249 3748 imperium,
263 3699 298 3799 66
324 3700 349 3796 qr
359 3686 485 3799 66666616
498 3685 579 3734 orbem
594 3685 653 3733 ibat.
671 3685 710 3733 tle
722 3684 915 3736 administrationi
931 3689 994 3733 went
1013 3689 1037 3734 te
1052 3685 1117 3734 illem
1131 3687 1165 3735 611
1181 3687 1211 3736 in

115 3750 228 3799 relation.
313 3781 320 3797 .
341 3781 348 3796 .
376 3765 416 3797 .c.
460 3782 467 3796 .

150 3811 162 3836 ⁰
174 3813 273 3878 Proprie
288 3812 364 3877 magis
378 3813 481 3877 positam
498 3814 592 3862 videtur
605 3828 621 3860 a
637 3811 857 3862 1161616699.
872 3813 973 3878 Equites
984 3829 1037 3862 oum
1048 3829 1113 3877 6666
1129 3815 1214 3865 conati

116 3878 255 3939 nequissent
266 3893 416 3943 perrumpere
427 3878 457 3926 ad
467 3894 530 3935 suos,
541 3877 630 3925 tumulo
641 3876 744 3940 quodam
754 3885 880 3940 occupato,
894 3879 921 3926 in
928 3879 1010 3927 orbem
1025 3894 1051 3927 se
1062 3879 1212 3938 tutabantur,

117 3955 265 4005 nequaquam
275 3944 352 3992 inulti.
360 3944 472 4006 semoing
481 3945 616 3993 themselves
625 3941 677 3991 into
686 3957 702 3990 a
711 3942 790 3991 616616.
811 3941 879 3992 Ptin.
888 3944 906 3991 1.
917 3946 958 3994 11.
967 3960 989 3992 6.
1001 3947 1041 3993 19.
1052 3951 1111 3991 extr.

185 4035 200 4065 ¹*
212 4039 381 4094 2616616666
397 4055 441 4104 pro
455 4039 569 4096 61616616,
579 4039 619 4152 sq}
629 4039 729 4153 6116666
737 4039 825 4089 uicibus
832 4055 843 4098 ;
859 4041 885 4090 ia
893 4046 971 4099 taras,
981 4040 1145 4106 reciprocallp,

275 4115 280 4124 ¹
582 4118 597 4152 a
618 4118 675 4153 etna
686 4120 731 4168 ep.

123 4227 125 4233 ,
145 4182 203 4234 ltin
213 4183 232 4234 1.
245 4187 269 4234 1.
281 4199 302 4233 6.
312 4188 354 4235 22.
369 4184 442 4235 Forte
460 4184 549 4241 evenit,
567 4192 595 4233 ut
611 4193 717 4249 agrestes
727 4183 833 4234 Romani
846 4201 877 4233 ex
887 4185 981 4236 Albano
996 4202 1060 4248 agra
1078 4186 1170 4236 Albani
1180 4202 1212 4236 ex

101 4247 324 4318 Romudqpraedus
335 4251 452 4319 s'qgnicem
464 4258 574 4318 agerent.
608 4253 650 4304 la.
659 4252 678 4300 l.
686 4257 713 4306 2.
723 4268 747 4301 o.
758 4255 800 4304 lt.
811 4258 872 4303 eutr.
884 4251 935 4298 lle
944 4266 1003 4314 spes
1016 4251 1135 4297 9666666
1142 4266 1222 4297 urma-
