2670 4636
108 290 244 370 resur]
264 241 281 350 s
460 289 517 351 un
544 286 882 351 eunucunrseme
1144 243 1211 355 aar.

107 432 151 482 ld.
160 434 178 482 l.
190 439 229 485 1⁰.
239 452 277 501 cp.
287 441 312 486 5.
333 436 396 486 Mihi
404 452 460 486 vero
470 435 502 485 ad
512 434 596 484 Nonas
607 435 670 483 hene
680 441 800 485 maturum
808 432 904 482 videtur
913 431 972 480 iore.
988 431 1028 480 ld.
1037 431 1056 480 1.
1068 432 1108 480 16.
1117 445 1154 494 ep.
1166 435 1208 482 15.

108 496 149 545 Tu
159 515 217 549 vero
226 503 316 552 confice
326 500 535 568 professionemsi
542 509 619 565 potes.
636 500 673 548 H.
689 499 773 564 Stcpb.
783 500 799 548 l.
808 498 1006 548 mammaeae.
1028 496 1099 546 Obro-
1108 495 1209 549 Gockn.

108 567 248 679 poa-131)
264 632 314 681 Sed
324 647 387 688 vero,
404 648 448 697 pro
458 634 499 683 sed
515 631 596 681 etium·
620 630 694 679 Luce.
705 631 723 677 l.
732 632 756 678 4.
766 644 791 676 v.
799 631 857 677 983.
867 626 925 676 Non
941 627 1050 699 homines
1067 627 1208 693 solum,sed

109 705 167 742 vero
178 697 292 745 animalia
300 697 411 746 ιιιιιιιιι.3
1063 721 1065 724 ·

321 796 337 826 ’
348 800 373 846 4.
392 797 453 847 Vero
462 795 489 843 in
499 793 675 844 enumeratione
683 793 793 842 ultimum
802 793 882 842 locum
890 801 1000 858 occupat.

145 874 198 924 cte.
206 891 250 939 pro
260 877 335 927 Aret.
346 894 369 925 c.
381 881 405 926 8.
420 877 550 924 Homerum
559 875 706 939 Colophonii
716 875 792 924 ciuem
807 889 861 923 esse
872 872 956 922 dicunt
970 891 1040 925 suum
1050 893 1056 924 ι
1074 875 1129 927 Chii
1139 891 1208 926 sunm

109 937 246 988 vindicant:
258 941 381 990 Salaminii
388 948 518 1006 repetunt:
530 941 641 1005 Smyrnaei
650 954 706 988 vero
713 956 782 988 suum
790 955 842 987 esse
850 939 998 989 confirmant.
1017 943 1055 990 Id.
1066 941 1082 990 l.
1089 947 1114 992 2.
1125 943 1211 998 Quint.

112 1004 157 1052 Fr.
168 1020 204 1068 ep.
216 1009 254 1054 15.
270 1007 337 1063 Quos
348 1015 374 1055 tn
384 1007 451 1061 situs,
462 1021 521 1069 quas
529 1013 624 1054 naturas
632 1020 712 1053 rerum
723 1012 748 1052 et
756 1005 941 1068 locorum,'quos
950 1020 1036 1062 mores,
1044 1021 1104 1069 quas
1118 1015 1210 1070 gentes,

112 1083 173 1132 quas
185 1086 284 1135 pugnas,
294 1086 364 1134 quem
376 1087 431 1119 vero
442 1072 520 1135 ipsum
536 1070 703 1133 imperatorem
715 1070 804 1129 habet?
828 1071 868 1119 Id.
880 1073 894 1118 s
909 1070 978 1119 Verr.
990 1075 1050 1121 534.
1066 1071 1158 1120 Odistis
1169 1074 1212 1120 ho·

112 1133 205 1182 minum
214 1152 329 1200 novorum
338 1135 468 1184 industrias
478 1152 484 1182 ι
502 1134 620 1200 dispicitis
631 1148 712 1183 eorum
720 1133 898 1196 frugalitatem:
917 1133 1033 1198 pudorem
1046 1136 1214 1185 contemnitis:

111 1196 236 1261 ingenium
246 1216 303 1249 vero
314 1207 339 1248 et
345 1201 454 1248 virtutem
464 1199 603 1264 depressam
613 1199 791 1262 extinctumque
802 1198 897 1310 cupitis.
930 1199 971 1248 ld.
977 1216 1023 1264 pro
1033 1202 1130 1250 Marem.
1138 1217 1160 1249 c.
1171 1206 1213 1251 22.

112 1261 140 1310 Is
150 1270 176 1311 et
191 1281 237 1329 per
251 1281 285 1322 se,
300 1275 326 1315 et
335 1281 380 1330 per
395 1281 460 1322 suos,
478 1272 504 1313 et
513 1280 570 1313 vero
578 1265 650 1313 etiam
667 1279 709 1328 per
724 1264 815 1312 alienos
843 1262 970 1312 efenditur.
1002 1266 1042 1316 lc.
1053 1269 1084 1331 dp
1095 1265 1148 1330 Off.
1158 1266 1176 1313 l.
1186 1270 1211 1317 2.

113 1340 136 1376 c·
148 1331 188 1376 16.
200 1336 262 1379 extr.

146 1391 159 1415 ⁸
170 1395 195 1442 5.
211 1393 337 1443 Interdum
349 1402 429 1443 tamen
445 1393 518 1441 ulium
532 1392 602 1440 ctiam
620 1393 700 1440 locum
710 1392 782 1455 paulo
794 1391 938 1456 superiorem
958 1393 1057 1444 obtinet.
1091 1393 1144 1443 cte.
1159 1395 1176 1443 1.
1187 1398 1214 1444 2.

111 1457 143 1506 de
155 1456 217 1508 Nat.
234 1460 270 1508 D.
280 1475 302 1508 c.
312 1465 352 1509 63.
369 1457 458 1507 Bestiae
474 1457 597 1506 hominum
611 1457 685 1520 gratia
700 1463 817 1520 generate
834 1465 898 1504 sunt.
931 1458 994 1515 Quid
1006 1457 1069 1506 enim
1079 1474 1136 1507 oves
1148 1460 1214 1508 aliud

113 1522 226 1581 afferunt,
242 1525 289 1572 nisi
300 1531 328 1572 ut
338 1539 418 1573 earnm
427 1522 494 1571 villis
503 1522 620 1571 consectis
631 1530 701 1584 atque
711 1520 826 1570 contentis
837 1522 945 1570 homines
955 1525 1101 1572 vestiantur?
1121 1525 1215 1575 (ἓωιιιιιι

114 1600 172 1634 vero
182 1595 232 1636 tam
249 1588 299 1636 fida
314 1591 427 1644 custodia,
444 1595 538 1651 tamque
555 1602 635 1635 amans
651 1586 799 1634 dominorum
816 1585 922 1634 adulatio
933 1587 991 1651 quid
1003 1589 1122 1652 signifieat
1138 1589 1215 1653 alind,

112 1650 163 1698 nisi
179 1667 206 1700 se
217 1653 248 1702 ad
265 1654 389 1702 hominum
407 1651 585 1702 commoditates
602 1666 654 1699 esse
672 1650 813 1714 generatos?
829 1651 895 1707 Quid
913 1650 943 1699 de
959 1652 1035 1700 hobus
1052 1654 1151 1718 loquar?
1168 1658 1215 1705 cet.

116 1716 157 1764 Id.
168 1717 185 1764 1.
196 1722 220 1766 2.
238 1719 308 1768 Fam.
317 1733 354 1782 ep.
368 1723 409 1768 82.
427 1716 500 1774 Quod
515 1716 600 1765 eodem
619 1725 727 1779 tempore
745 1715 828 1763 stellas
842 1731 925 1764 aureas
936 1716 1043 1766 Castoris
1060 1728 1085 1766 et
1100 1719 1216 1780 Pollucis,

114 1779 225 1844 Delphis
236 1785 333 1846 positas,
344 1783 470 1839 decidisse,
485 1797 562 1846 neque
573 1795 615 1829 ens
625 1795 725 1843 usquam
734 1790 841 1842 repertas
852 1795 904 1828 esse
915 1780 1005 1838 dixisti,
1017 1783 1095 1831 furum
1105 1782 1131 1830 id
1140 1783 1216 1846 magis
1260 1793 1262 1797 ·

115 1846 214 1903 factum,
230 1863 298 1911 quam
310 1848 417 1896 Deorum
426 1847 529 1895 videtur.
546 1846 625 1894 Simiae
632 1859 688 1892 vero
698 1844 821 1892 Dodoneae
829 1844 1006 1908 improbitatem
1016 1847 1118 1896 historiis
1123 1847 1217 1897 Graecis

115 1912 257 1959 mandatum
273 1929 327 1960 esse
342 1913 450 1961 demiror.
483 1910 550 1970 Quid
564 1912 643 1959 minus
660 1910 754 1965 mirum,
772 1924 844 1972 quam
857 1910 958 1959 bestiam
976 1919 1052 1962 sortes
1069 1912 1215 1979 dissipasse?

117 1974 183 2023 Nam
193 1977 235 2024 illa
245 1979 361 2041 praedicta
369 1977 498 2027 Veientum
509 1982 554 2026 cet.

168 2072 219 2123 *5.
240 2074 300 2123 Vero
310 2075 336 2123 in
348 2074 488 2124 declaranda
504 2072 685 2137 indignatione:
703 2070 858 2136 (omninoque
875 2088 930 2121 cum
942 2073 1049 2137 emphasi
1065 2052 1168 2139 aliqua.)

153 2153 209 2203 nte.
219 2155 237 2202 1.
247 2159 287 2204 26.
299 2173 322 2204 c.
333 2160 373 2205 11.
390 2157 452 2204 Eum
465 2170 558 2218 agrum
580 2154 605 2202 in
629 2169 676 2217 quo
695 2152 801 2201 Annibal
818 2160 896 2203 castra
912 2154 1019 2211 haberet,
1033 2155 1139 2220 venisse,
1156 2155 1217 2204 nihil

119 2218 151 2266 ob
164 2218 191 2266 id
202 2218 323 2268 deminuto
335 2221 420 2285 pretio,
434 2220 555 2284 cognitum
566 2234 597 2267 ax
608 2219 712 2282 quodam
729 2219 823 2283 captivo
841 2227 886 2269 est.
903 2219 933 2267 ld
942 2235 998 2268 vero
1013 2220 1074 2269 adeo
1090 2221 1219 2285 superbum

118 2289 191 2345 atque
211 2283 334 2349 indignum
352 2287 428 2334 visum
446 2285 560 2334 Annibali
570 2290 618 2334 estc.¹
633 2284 673 2332 ld.
684 2298 706 2330 e.
718 2287 757 2330 15.
781 2282 877 2348 Appius
887 2283 990 2333 Romam
1004 2285 1035 2333 ad
1050 2286 1165 2350 Senatum
1179 2301 1217 2334 ar·

118 2347 218 2395 bitrium
228 2349 279 2413 ejus
296 2351 411 2398 reitotum
420 2350 550 2415 rejiciebat,
562 2357 587 2398 et
596 2347 767 2412 percunctandi
776 2355 929 2414 potestatem,
939 2365 997 2397 num
1007 2351 1221 2399 communicassent

119 2413 220 2462 consilia
238 2430 293 2462 cum
311 2416 428 2478 aliquibus
444 2415 561 2464 sociorum
577 2414 657 2462 Latini
676 2413 778 2460 nominis
794 2415 983 2476 municipiorum.
1004 2414 1035 2462 Id
1049 2431 1104 2463 vero
1121 2415 1218 2464 minime

120 2479 315 2527 committendum
333 2496 385 2528 esse
402 2481 500 2528 Fulvius
518 2480 621 2535 dicebat,
632 2486 659 2525 ut
669 2477 844 2526 solicitarentur
860 2479 996 2527 criminibus
1013 2479 1090 2527 dubiis
1103 2480 1218 2528 sociorum

120 2540 227 2590 fidelium
238 2545 319 2602 animi,
331 2552 376 2594 cet.
410 2546 504 2595 Terent.
522 2545 630 2594 Eunuclr.
640 2547 664 2590 5.
675 2548 701 2591 3.
715 2543 789 2590 Move
800 2557 857 2590 vero
868 2543 936 2591 ocius
946 2552 971 2591 te
985 2544 1072 2592 nutrix.
1108 2546 1159 2595 cte.
1172 2560 1218 2611 pro

124 2607 219 2657 Gluert.
229 2625 250 2658 c.
261 2614 285 2659 6.
302 2611 346 2674 (de
355 2625 397 2657 usu
409 2611 452 2659 τοῦ
462 2625 516 2660 vero
527 2625 579 2658 cum
591 2608 696 2672 emphasi
706 2606 755 2655 vid.
768 2607 847 2656 Drulr.
858 2608 888 2655 ad
898 2609 953 2657 Lis.
964 2610 982 2656 1.
990 2613 1030 2659 45.
1041 2626 1063 2658 c.
1074 2609 1128 2674 19.)

326 2708 364 2771 (7.
382 2709 418 2757 Et
427 2723 482 2757 vero
493 2723 535 2772 pro
545 2711 616 2770 utque
626 2707 693 2762 odeo,
704 2705 799 2768 insuper
809 2713 924 2770 sequente
935 2706 1017 2767 etiarm

157 2783 209 2834 cte.
218 2801 262 2850 pro
272 2789 341 2836 Mur.
352 2805 374 2836 c.
384 2792 425 2836 21.
449 2788 499 2845 Qui
510 2795 534 2836 et
543 2803 586 2851 per
596 2803 630 2843 se,
642 2793 667 2834 et
682 2801 726 2849 per
736 2801 802 2848 suos,
814 2794 840 2835 et
849 2801 905 2834 vero
916 2786 985 2834 etiam
996 2803 1041 2851 per
1057 2788 1118 2836 alios
1136 2788 1219 2837 deien-

121 2846 205 2979 (ff)
234 2853 274 2902 Id.
289 2853 307 2899 1.
317 2857 357 2902 16.
368 2851 423 2903 lrt.
433 2870 468 2918 cp.
480 2857 520 2903 17.
537 2853 609 2910 Quod
623 2866 686 2916 saepe
697 2866 802 2915 presens
812 2851 882 2901 etilli
898 2852 1033 2909 ostendisti,
1046 2861 1072 2902 et
1081 2869 1137 2903 tero
1148 2855 1220 2903 etiam

175 2929 191 2963 ι.

539 3047 555 3078 *
566 3048 579 3112 §
590 3044 681 3104 111.,1.
691 3046 802 3096 Vanum.

160 3127 248 3179 Verum
256 3127 375 3192 significat
381 3128 454 3184 idem,
465 3127 529 3192 quod
538 3143 602 3183 acro,
613 3126 654 3175 sed
664 3128 781 3191 positione
789 3124 903 3176 diffe'rt'ct
912 3128 975 3177 loco.
991 3128 1057 3178 Nam
1064 3145 1146 3180 rerum
1153 3135 1220 3179 ante·
1252 3131 1255 3135 ’

123 3193 190 3243 cedit
200 3195 335 3259 subjectam
351 3194 507 3256 sententiam,
517 3209 572 3243 aero
580 3193 738 3256 interponitur
747 3193 796 3257 ipsi
805 3193 940 3242 sententiae.

377 3291 393 3322 ⁶
402 3295 428 3340 2.
447 3293 535 3342 Verum
545 3291 571 3339 in
581 3290 739 3354 abrumpendo
748 3305 866 3348 sermone,
875 3293 961 3341 utsed·
1041 3284 1043 3289 ⁴

157 3372 211 3423 Ct'c.
226 3373 244 3422 l.
260 3377 286 3422 5.
304 3372 361 3423 Art.
370 3388 407 3436 cp.
422 3377 454 3422 1.·
468 3373 507 3421 Ita
523 3358 582 3435 puto
596 3369 789 3432 insurrectore:
805 3358 886 3420 verium
903 3380 932 3420 nt
951 3371 1079 3421 videbitur.
1111 3374 1151 3423 Id.
1164 3372 1182 3422 l.
1196 3376 1221 3423 5.

123 3438 195 3490 Fam.
207 3454 243 3501 ep.
251 3444 276 3488 9.
293 3438 382 3487 Verum
392 3437 418 3484 id
425 3437 568 3486 videbimus.
590 3438 654 3486 retr.
663 3438 680 3485 1.
691 3440 731 3484 12.
742 3452 778 3499 ep.
787 3438 827 3484 25.
845 3436 937 3485 Verum
947 3438 998 3485 hec
1008 3439 1130 3487 lacteum

207 3533 253 3585 ⁸8·
274 3535 361 3586 Verttm
378 3535 505 3585 enimvero
521 3532 589 3582 valde
601 3534 740 3581 adversatur
750 3531 816 3596 apud
830 3531 955 3581 historicos
968 3532 1134 3599 potissimum

527 3599 610 3647 Cicero
620 3612 673 3645 raro
683 3597 717 3644 ita
726 3597 840 3660 loquitur.

158 3680 214 3730 Ire.
224 3681 241 3729 l.
251 3689 276 3729 et
286 3696 308 3728 c.
319 3684 344 3730 4.
361 3680 452 3730 Verum
463 3678 590 3728 enimvero
600 3677 691 3740 legibus
702 3677 728 3725 id
737 3679 866 3740 prohiberi,
876 3689 902 3727 ot
911 3677 1054 3728 connubium
1063 3679 1116 3727 tolli
1125 3687 1220 3743 patrum

124 3763 154 3795 ac
168 3746 254 3809 plebis,
269 3745 295 3793 id
311 3744 406 3793 demum
419 3743 614 3793 contumeliosum
632 3751 671 3791 est
681 3743 755 3806 plebi.
787 3742 826 3792 Id.
840 3743 858 3790 l.
869 3748 910 3794 24.
921 3759 943 3792 c.
955 3748 978 3791 5.
995 3743 1045 3790 Vix
1063 3743 1161 3806 quidem
1176 3747 1221 3795 ulli

124 3812 190 3859 bono
200 3813 251 3874 regi
262 3810 341 3859 facilis
350 3817 402 3857 erat
417 3810 484 3857 favor
493 3810 557 3872 apud
569 3809 738 3871 Syracusanos,
755 3808 894 3856 succedenti
904 3816 974 3857 tante
990 3807 1083 3856 caritati
1100 3809 1222 3862 Hieronis.

125 3876 218 3925 Verum
230 3877 294 3925 enim
304 3890 361 3923 vero
371 3874 542 3939 Hieronymus,
552 3873 620 3921 velut
629 3873 679 3921 suis
687 3872 752 3920 vitiis
761 3872 944 3922 desiderabilem
953 3873 1043 3922 efficere
1053 3874 1126 3923 vellet
1142 3891 1222 3932 arum,

124 3941 203 4005 primo
213 3941 295 3990 statim
311 3948 449 4005 conspectu,
461 3954 530 4004 quam
542 3937 646 4003 disparia
662 3944 752 4002 essent,
762 3937 875 3986 ostendit.
892 3938 957 3988 Add.
968 3955 990 3988 c.
1000 3943 1024 3988 8.
1037 3940 1137 3991 Suberat.
1148 3941 1224 3993 Cutil.

124 4023 147 4054 c.
158 4010 198 4055 20.
519 4042 522 4048 .

159 4279 170 4311 ³
185 4276 267 4325 Possis
277 4277 350 4326 etism
359 4277 439 4328 dicere
448 4292 503 4330 acro
512 4277 570 4343 poni
575 4277 615 4327 hic
623 4292 667 4342 pro
676 4281 747 4335 certe,
760 4275 918 4342 praetermisso
925 4279 1005 4336 etium,
1015 4277 1080 4344 quod
1090 4275 1221 4345 sepissime

125 4342 276 4408 pretermisi
285 4343 355 4393 solet.
