2670 4636
142 261 200 320 aas
459 254 632 316 norrun
661 208 903 315 russanum
1157 258 1230 335 [aar

175 404 299 454 Interdum
310 411 389 452 tamen
400 402 440 468 qai
454 416 498 466 pro
514 403 567 466 qais
576 410 712 465 usurpatur.
746 404 798 451 cic.
806 417 850 466 pro
862 403 933 452 Dosa.
943 416 966 449 c.
976 404 1018 450 25.
1034 399 1088 458 Qui
1098 406 1181 448 tantm
1190 400 1235 448 fnit

142 471 224 519 labor?
242 486 295 534 quas
307 469 429 516 simultas?
464 470 503 516 Id.
513 473 529 517 2
541 468 609 516 Pbil.
628 483 649 516 c.
661 472 702 516 36.
720 467 770 525 Qui
783 476 810 515 tu
821 468 865 524 vir,
876 475 902 515 et
917 473 1020 529 quantus
1028 465 1133 514 fuisses?
1152 467 1192 515 ld.
1206 468 1232 515 itt

141 537 196 586 Pis.
212 535 301 583 Vereor
307 549 337 582 ne
348 534 391 595 qui
400 533 440 582 sit.
457 533 526 595 (Hoc
537 533 639 594 pertinet
648 531 680 580 ad
688 548 713 580 n.
724 533 761 596 6.)
796 535 834 583 ld.
843 548 886 595 pro
899 533 994 581 Matert-
1003 547 1026 578 c.
1037 535 1079 579 16.
1095 530 1121 578 Si
1130 530 1231 594 diligen·

73 628 76 633 ·
140 608 185 664 ter,
197 599 239 662 qui
250 599 284 646 vir
295 599 335 646 ille
350 599 428 653 suerit,
443 597 612 645 considerabis.
633 595 712 660 (Loca
729 612 742 644 e
759 597 826 646 Pbil.
841 605 867 644 et
884 597 951 646 Mar.
967 597 1091 660 pertinent
1106 594 1191 658 potius
1204 593 1233 642 ad

139 681 166 713 n.
185 664 238 727 10.)
254 661 266 686 ⁸
280 664 329 720 Qui
345 678 389 726 pro
406 661 460 726 qais
476 668 600 724 usurpatur
614 661 653 709 vel
672 661 698 708 in
714 661 944 724 interrogationibus,
961 661 999 708 vel
1018 666 1073 723 post
1092 658 1231 723 particulam

140 745 178 784 ae,
189 730 220 789 si,
231 733 256 775 et
267 728 364 782 similes,
377 733 402 774 ut
416 741 448 773 ex
467 726 548 773 allatis
560 726 676 788 exemplis
695 733 801 789 apparet.
818 726 856 775 Sic
875 725 1002 788 nescioqui
1019 741 1063 788 pro
1077 725 1158 773 nescio
1174 725 1232 787 aab.

141 795 181 843 ld.
192 794 209 841 l.
221 796 260 841 12.
274 793 340 842 Fam·
352 807 387 854 ep.
400 793 440 839 18.
463 788 542 855 (Add.
555 791 634 839 Drulr.
646 791 675 837 ad
687 791 741 839 Lis.
752 791 768 838 l.
777 794 800 838 1.
812 806 833 840 c.
840 796 866 840 1.
882 790 963 840 Paria.
973 791 1005 838 ad
1014 790 1100 839 Sonat.
1109 804 1135 852 p.
1146 789 1217 855 480.)

117 969 120 975 Ι
543 903 580 969 (6.
599 903 649 959 Qui
658 919 700 966 pro
711 904 818 966 aliquis.)

172 984 267 1034 Dicitur
274 986 346 1033 etiam
357 985 474 1033 interdurn
483 985 525 1048 qui
536 998 580 1047 pro
588 984 683 1047 uliquis,
694 991 722 1032 ut
729 984 792 1046 apud
802 984 937 1033 Ciceronem
945 974 994 1033 lli.
1003 984 1060 1034 Ast.
1072 998 1109 1046 ep.
1117 985 1162 1033 stt.
1180 981 1231 1030 Nisi

140 1049 183 1115 qui
189 1050 393 1101 Pardricuscasus
410 1049 523 1098 estiterit.
541 1057 565 1097 et
574 1049 629 1096 aliis
638 1049 705 1096 locis.

299 1149 324 1195 7.
336 1147 410 1202 Quem
420 1144 473 1209 quis
482 1145 507 1191 in
518 1144 603 1193 eodem
613 1151 739 1202 commate,
756 1146 796 1195 cni
806 1145 870 1208 quid,
881 1145 948 1206 cujas
958 1145 1011 1208 pais
1020 1150 1070 1192 cet.

176 1228 227 1275 Cic.
244 1226 260 1274 1.
275 1230 298 1274 t.
309 1227 379 1276 Fam.
388 1242 424 1289 ep.
434 1229 474 1274 20.
500 1225 565 1282 Quid
584 1239 628 1286 ego
643 1224 722 1272 dicam
740 1231 765 1272 te
788 1224 899 1290 (amari)
919 1240 990 1287 quem
1012 1225 1067 1287 quis
1084 1239 1134 1272 non
1150 1227 1228 1274 amat?

141 1291 258 1356 (Omnino
267 1290 356 1347 Latini,
367 1297 394 1338 ut
409 1290 499 1353 quique
517 1291 672 1352 elegantiores
685 1297 750 1346 sunt,
768 1290 801 1338 ita
813 1291 888 1353 magis
904 1290 1055 1338 delectantur
1069 1291 1228 1340 cumulatione

140 1355 287 1420 pronominis
296 1354 410 1420 relativi.)

591 1457 616 1501 8.
635 1452 685 1509 Qus·
695 1467 738 1516 pro
748 1459 784 1502 at.

170 1534 294 1582 Interdum
305 1536 353 1597 oni,
366 1549 426 1597 que,
436 1534 497 1596 qaod
507 1541 634 1596 usurpatur
643 1549 685 1596 pro
696 1538 732 1582 at.
767 1533 818 1580 Gic.
828 1547 870 1594 pro
879 1533 947 1581 Dora
960 1547 982 1582 c.
993 1535 1034 1581 34.
1050 1532 1077 1580 N
1077 1547 1107 1580 ec
1119 1547 1173 1580 sum
1181 1540 1225 1580 tam

138 1599 251 1656 insolens,
262 1599 304 1662 qui
314 1599 398 1648 Jovem
409 1613 460 1645 esse
472 1613 508 1645 me
519 1597 605 1645 dicam.
623 1599 640 1646 1
647 1613 685 1645 om
696 1603 737 1646 not
748 1612 773 1645 so
784 1601 907 1658 arrogant,
916 1612 944 1646 cs
953 1603 977 1646 to
985 1599 1086 1660 pretend
1097 1603 1122 1645 to
1133 1598 1161 1647 be
1170 1599 1226 1646 done

139 1664 242 1722 binatis.
275 1665 314 1712 Id.
323 1665 341 1711 l.
353 1668 392 1712 10.
407 1664 473 1712 Fam.
486 1677 522 1726 ep.
533 1666 557 1710 6.
576 1661 660 1710 Talem
670 1670 749 1709 autem
759 1672 784 1709 te
795 1677 848 1709 esse
859 1669 960 1724 oportet,
972 1662 1014 1724 qui
1024 1661 1129 1726 primum
1143 1668 1168 1710 te
1180 1662 1226 1709 dis·

93 1740 102 1749 “
135 1728 224 1792 jungas
241 1729 380 1798 alsocietats
397 1726 525 1790 impiorum
539 1726 635 1775 civium.
666 1724 812 1775 'Add.1n'c.
827 1727 897 1776 126.
914 1742 935 1776 c.
949 1729 987 1775 12.
1003 1727 1225 1792 ca.1.1.u00ff.

139 1808 161 1842 c.
172 1798 196 1843 6.
207 1799 232 1842 et
240 1809 284 1856 pro
294 1792 382 1842 Martii.
393 1808 415 1840 c.
427 1797 466 1842 19.

550 1897 574 1942 9.
593 1890 642 1948 Qut
653 1905 694 1952 pro
705 1905 731 1939 eo
743 1892 811 1954 qaod.

170 1970 201 2000 *⁹*
212 1972 261 2028 Qui
272 1986 314 2034 pro
325 1987 351 2021 eo
360 1974 430 2034 qaod.
465 1972 516 2020 Cic.
528 1971 543 2021 l.
555 1975 593 2021 16.
603 1972 672 2020 Fam.
682 1985 717 2033 ep.
728 1975 751 2019 1.
769 1970 886 2019 Peccasse
897 1969 955 2016 mibi
965 1969 1056 2026 videor,
1066 1970 1132 2032 quia
1143 1977 1166 2018 te
1177 1971 1226 2018 dis·

137 2036 257 2084 cesserim.
275 2038 372 2086 Goelen.
382 2053 407 2100 p.
416 2040 471 2086 192.
484 2037 552 2085 Obss.
561 2037 645 2085 Scbor.
654 2052 679 2099 p.
688 2039 728 2084 57.
736 2040 785 2084 rot.
796 2037 854 2084 disc.
864 2036 928 2098 Nep.
944 2034 1047 2090 Atticus,
1054 2034 1096 2097 qui
1103 2035 1225 2082 civitatem

136 2110 301 2148 conservatam
312 2109 419 2163 cuperet,
426 2101 551 2164 pecuniam
562 2101 695 2149 numeravit
706 2101 736 2148 de
748 2115 800 2148 sno.
833 2101 917 2148 Lince.
927 2099 978 2148 13.
989 2115 1016 2162 ρ.
1026 2102 1080 2149 168.
1095 2099 1137 2161 qui
1147 2098 1224 2156 addit,
1250 2098 1253 2102 ’

137 2164 247 2221 Fabium,
255 2173 280 2212 et
290 2165 350 2212 alios
357 2164 410 2226 ejus
419 2165 495 2213 atatis
505 2166 530 2212 in
539 2167 585 2212 hac
595 2165 709 2228 loquendi
719 2165 794 2226 figura
801 2165 939 2227 particulam
950 2169 978 2213 at
989 2178 1032 2224 pro
1039 2169 1117 2226 utpote
1125 2163 1224 2212 relativo

136 2243 290 2291 praeponere;
308 2235 334 2279 ut
347 2230 408 2277 Inst.
419 2230 436 2275 l.
446 2234 471 2276 t.
488 2229 575 2276 Omnia
586 2245 648 2277 nova
657 2230 766 2284 offendit,
782 2238 809 2276 ut
820 2229 862 2291 qui
880 2228 943 2276 solus
954 2227 1072 2285 didicerit,
1083 2230 1148 2292 quod
1156 2228 1225 2277 inter

135 2292 222 2340 multos
229 2292 363 2340 iaciendum
374 2304 419 2340 est.
437 2292 533 2355 (Inhac
542 2293 705 2356 formaquiest
714 2309 756 2357 pro
764 2296 883 2356 quodcum
892 2292 1032 2356 pronomine
1041 2310 1048 2339 ε
1066 2293 1126 2341 utin
1136 2293 1223 2356 primo:

135 2360 197 2420 puori
206 2372 258 2419 ego,
268 2357 294 2404 in
304 2358 388 2421 altero,
399 2359 460 2420 qaod
471 2359 527 2407 ille:
544 2367 569 2405 et
580 2357 613 2405 sic
623 2357 649 2405 in
658 2358 734 2422 aliis.)

532 2459 570 2504 10.
582 2472 605 2503 a.
624 2455 673 2510 Qui
682 2469 725 2517 pro
735 2455 820 2517 qualis

165 2534 234 2583 Alias
244 2550 287 2598 pro
297 2535 380 2598 psalm
406 2536 457 2584 Cic.
468 2535 484 2583 l.
494 2540 519 2584 6.
530 2534 587 2587 Art.
598 2550 633 2600 ep.
645 2539 669 2583 9.
686 2536 734 2583 Sed
749 2535 818 2582 illum
835 2551 891 2583 eum
907 2535 1014 2583 futurum
1025 2549 1079 2583 esse
1099 2543 1166 2598 puto,
1183 2535 1222 2600 qui

136 2615 190 2648 esse
204 2601 283 2648 debet.
310 2600 377 2662 Lege
388 2615 518 2663 pronomen
530 2603 565 2649 Is.
1222 2634 1224 2638 -

164 2665 176 2689 '
186 2669 212 2721 β.
231 2666 280 2722 Qui
292 2679 333 2728 pro
343 2665 420 2727 qualis
431 2681 495 2728 saepe
509 2665 642 2729 subjectum
656 2664 702 2713 sibi
713 2665 824 2713 habetis.
857 2665 943 2713 Plane.
955 2679 994 2725 ap.
1008 2664 1061 2712 Cic.
1073 2662 1089 2710 l.
1102 2667 1142 2712 10.
1156 2665 1223 2715 Fam.

132 2744 169 2804 ep.
180 2732 220 2779 11.
247 2731 298 2786 Me,
309 2729 330 2776 si
341 2744 412 2791 quem
423 2745 475 2779 esse
486 2729 591 2786 voluisti,
602 2746 656 2778 eum
667 2729 735 2777 exitu
744 2731 861 2792 rebusque
872 2727 1004 2791 cognoscis,
1016 2728 1122 2779 deiende
1133 2743 1162 2778 ac
1172 2744 1220 2777 sus·

132 2809 196 2857 cipe.

425 2893 440 2922 ⁴¹
451 2897 490 2941 ll.
509 2894 621 2949 Quicum
633 2893 736 2949 nomine,
749 2894 811 2956 quod
824 2891 928 2963 respicit.

164 2973 213 3028 Qui
230 2987 295 3034 sape
313 2974 402 3035 repetit
420 2987 516 3029 nomen,
533 2973 598 3036 quod
615 2973 722 3036 respicit.
757 2976 808 3021 Cic.
818 2989 862 3035 pro
874 2971 962 3020 Monil.
976 2987 997 3019 c.
1010 2975 1050 3019 12.
1075 2969 1116 3018 Ita
1132 2977 1222 3018 tantum

132 3038 230 3099 bellurn,
248 3048 293 3083 tarn
312 3038 458 3100 diuturnum,
475 3045 526 3084 tarn
543 3039 612 3100 longe
632 3038 727 3101 lateque
744 3037 883 3099 dispersum,
900 3051 946 3098 quo
965 3034 1028 3082 bello
1043 3049 1129 3082 omnes
1140 3046 1223 3098 gentes

128 3102 304 3166 premebantur,
320 3101 451 3165 Pompeius
468 3111 575 3150 extrema
594 3105 669 3150 bieme
688 3102 818 3165 apparavit,
837 3099 915 3148 media
933 3106 1017 3148 astate
1035 3099 1151 3149 coniecit.
1184 3102 1222 3151 Id.

132 3171 145 3216 1
161 3167 234 3214 Catil.
253 3183 274 3214 c.
285 3172 309 3214 3.
325 3167 498 3223 Meministine,
515 3183 554 3214 me
571 3166 699 3215 antediem
710 3167 760 3214 XII
776 3167 827 3214 Cal.
837 3166 901 3214 Nov.
916 3166 996 3212 dicere
1011 3163 1038 3210 in
1049 3171 1145 3220 senatu,
1157 3173 1222 3213 certo

130 3231 169 3278 die
184 3231 233 3277 lore
248 3230 275 3276 in
290 3231 370 3295 armis,
383 3232 424 3293 qui
436 3231 488 3278 dies
504 3231 705 3286 futurusessetin
722 3231 850 3280 antediem
869 3229 934 3278 VIII
952 3229 1006 3276 Cel.
1024 3227 1090 3276 Nov.
1122 3230 1164 3278 Id.
1179 3245 1222 3293 pro

130 3296 186 3343 Mil.
197 3308 218 3341 c.
230 3297 270 3342 26.
292 3294 358 3342 Ante
369 3294 569 3359 tandummodo,
580 3311 628 3358 quo
637 3295 663 3341 in
672 3296 748 3343 fundo
758 3308 854 3359 propter
861 3295 955 3342 insanas
962 3294 1017 3341 illas
1033 3293 1224 3342 substructiones

127 3359 199 3407 facile
210 3359 336 3406 bominum
347 3360 411 3407 mille
422 3361 568 3407 versabatur.
584 3362 624 3409 ld.
629 3376 672 3423 pro
685 3362 778 3410 Cluent.
789 3376 811 3409 c.
820 3365 860 3408 57.
878 3359 1004 3408 Cluentius
1012 3373 1088 3420 eques
1096 3359 1223 3407 Romanus

128 3439 223 3472 causam
240 3423 300 3471 dicit
310 3440 339 3471 ea
350 3425 411 3488 lege,
430 3440 478 3486 qua
493 3426 546 3487 lege
557 3431 677 3472 senatores
684 3425 732 3472 soli
744 3432 861 3472 tenentur.
894 3425 933 3472 Id.
944 3438 987 3486 pro
998 3424 1071 3471 Rosc.
1081 3422 1139 3471 Am.
1151 3428 1218 3473 626.

127 3488 201 3537 Tanti
219 3488 330 3536 maleficii
345 3490 442 3546 crimen,
460 3488 500 3536 cui
517 3490 634 3538 maleficio
653 3498 703 3537 tarn
720 3490 812 3554 insigne
832 3489 977 3553 supplicium
997 3494 1034 3535 est
1054 3487 1221 3552 constitutum,

127 3555 227 3618 probare
238 3562 263 3601 te
275 3569 358 3602 censes
370 3569 439 3617 posse
452 3553 540 3602 talibus
550 3553 622 3602 viris?

159 3650 172 3674 “
184 3655 223 3700 12.
242 3651 292 3707 Qut
306 3667 362 3699 cum
376 3651 470 3699 nornine
481 3651 594 3716 quodem,
605 3652 670 3715 quod
680 3653 785 3700 declaret
793 3652 854 3699 illud
865 3665 961 3706 nornen,
972 3650 1002 3697 ad
1013 3650 1078 3712 quod
1089 3649 1192 3698 refertur

650 3733 699 3782 qur.

161 3799 212 3848 Cic.
222 3799 238 3845 l.
251 3803 276 3847 2.
287 3800 355 3849 Fam.
366 3814 403 3862 ep.
417 3803 456 3848 10.
472 3800 533 3848 Cum
549 3800 666 3849 venissem
679 3799 710 3846 ad
721 3798 850 3854 Amanum,
862 3798 904 3861 qui
914 3811 982 3845 mons
992 3795 1052 3843 mihi
1062 3810 1117 3843 curn
1128 3796 1220 3844 Bibulo

58 3874 61 3879 '
127 3863 318 3918 communisset,
335 3863 433 3911 Cassius
450 3875 530 3912 noster
541 3864 642 3912 feliciter
653 3866 686 3913 ab⁴
695 3863 824 3912 Antiochia
838 3864 918 3912 bostes
933 3863 1054 3926 rejecerat.
1088 3860 1155 3909 ibid.
1166 3861 1184 3911 l.-
1197 3864 1221 3909 3.

127 3944 163 3991 ep.
174 3932 198 3976 8.
210 3928 271 3976 Cum
283 3929 396 3993 Synodis,
407 3945 459 3977 curo
468 3929 615 3988 Philomelii,
624 3944 679 3977 curn
690 3929 861 3985 leonii-essem,
872 3929 958 3990 quibus
967 3927 993 3972 in
1001 3925 1099 3989 oppidis
1109 3925 1221 3973 omnibus

127 4001 284 4040 commoratus
304 4009 365 4058 snm,
380 4009 461 4040 omnes
477 3993 527 4056 jam
543 3993 612 4040 istius
629 3994 721 4057 generis
740 3994 872 4056 legationes
887 4003 953 4042 erant
974 3991 1122 4039 constitutae.
1156 3991 1222 4039 Itis.

125 4073 160 4119 cp.
174 4061 212 4106 10.
229 4058 364 4112 Pontinius,
376 4057 418 4121 qui
429 4066 474 4105 ate
485 4065 599 4106 tractatus
610 4069 647 4106 est
658 4060 780 4122 prestanti
790 4075 818 4106 ac
829 4058 941 4120 singulari
951 4057 1007 4112 fide,
1018 4055 1086 4120 cujus
1096 4055 1133 4101 tui
1145 4055 1221 4103 bene·

126 4122 175 4170 ficii
187 4138 240 4169 sum
251 4138 295 4183 ego
307 4121 384 4184 testis,
400 4131 498 4186 praestat
512 4123 558 4170 tibi
575 4124 712 4171 memoriam
722 4124 971 4188 benevolentiamque,
982 4135 1052 4185 quarn
1064 4119 1147 4167 debet.
1181 4121 1221 4169 ld.

122 4187 140 4236 l.
153 4192 177 4236 1.
194 4189 223 4236 de
238 4186 299 4248 Dia.
316 4202 338 4234 c.
357 4190 412 4248 23.
430 4188 499 4251 Magi
515 4188 581 4252 Cyro
601 4189 722 4245 dixerunt,
738 4189 802 4250 quod
818 4203 892 4251 genus
907 4187 1041 4252 sapientum
1054 4190 1081 4231 et
1094 4183 1219 4232 doctorum

114 4253 251 4302 babebatur
263 4251 288 4300 in
300 4250 392 4312 Persis,
409 4268 442 4302 ex
456 4246 548 4320 triplici
564 4253 715 4320 appetitione
724 4255 783 4304 solis
794 4251 869 4301 111111
876 4268 952 4301 annos
961 4251 1056 4314 (lurum
1063 4258 1221 4313 regnaturum

106 4335 165 4368 esse
176 4319 301 4386 portendi.
321 4321 388 4388 Nep.
402 4321 460 4375 Ali.
467 4325 599 4477 siff·

261 4429 263 4432 ⁴
607 4410 619 4429 ⁵
635 4420 652 4457 Ι

468 4510 519 4587 ar
553 4486 587 4551 t·
621 4494 673 4587 't
