2670 4636
109 294 271 370 orooro-ns]
480 294 537 355 DE
569 286 810 353 PAR‘l'lCULlS
840 298 898 352 ete.

503 663 617 714 curor
645 637 830 716 cccxxxrr.

381 799 431 860 De
448 796 718 860 Aduerbio'Urron
738 807 767 861 et
781 798 952 864 Uunrorrs.

149 925 197 990 §L
211 932 234 977 1.
250 927 328 978 Uuns
345 929 393 978 etsi
419 929 497 993 roprie
507 937 544 978 est
560 928 698 979 adverbium
712 928 768 986 loci,
785 927 903 977 interdum
921 936 999 977 tamen
1018 928 1088 978 etad
1105 946 1218 996 personas

118 996 144 1038 et
155 991 216 1039 alies
227 1008 264 1040 res
274 945 484 1056 accommotfstuu
501 995 644 1059 poniturque
655 993 777 1057 eleganter
786 1009 829 1056 pro
845 1009 876 1043 ex
886 1011 941 1056 quo,
950 1009 981 1044 ex
993 1009 1039 1058 qua
1050 998 1089 1044 vel
1100 1014 1112 1045 e
1126 999 1218 1062 quibus,

119 1071 134 1104 a
146 1072 198 1118 quo,
210 1074 224 1105 a
235 1059 328 1122 quidus.
337 1058 355 1090 ¹¹
391 1061 443 1110 cte.
456 1061 474 1108 l.
488 1065 509 1110 l.
520 1064 550 1110 dt
562 1063 716 1110 Orat.c.15.
735 1059 773 1107 De
788 1075 817 1107 ea
827 1074 854 1107 re.
863 1059 939 1107 multo
950 1059 1016 1108 dicet
1025 1061 1136 1120 ornatius,
1148 1079 1220 1127 quam

118 1119 162 1169 ille
172 1121 235 1184 ipre,
247 1125 311 1174 unde
321 1126 437 1188 cognorit.
455 1127 547 1188 ld.'pr·o
558 1126 628 1175 Flac.
640 1141 661 1172 c.
672 1129 714 1174 26.
729 1123 825 1172 Adsunt
834 1123 1003 1181 Athenienses,
1012 1126 1077 1174 unde
1088 1127 1222 1178 humanitas

121 1200 150 1233 ac
162 1185 279 1243 doctrina.
296 1189 389 1253 religio,
400 1191 489 1255 fruges,
502 1190 566 1254 jure.
577 1191 642 1254 leges
656 1197 724 1245 ortae,
739 1195 812 1252 etque
823 1189 848 1236 in
858 1203 941 1237 omnes
955 1196 1027 1238 terras
1037 1190 1166 1241 distributae
1176 1210 1221 1258 pu·

122 1259 211 1302 tantur.
252 1255 291 1304 Id.
303 1257 375 1304 Brut.
387 1272 410 1304 c.
420 1260 461 1305 92.
477 1255 630 1320 Eloquentia,
641 1254 705 1302 unde
716 1255 787 1316 longe
798 1253 888 1302 absum.
912 1255 951 1302 Id.
961 1253 1011 1304 l.l.
1026 1257 1139 1306 deOrat.
1147 1274 1169 1308 c.
1180 1265 1222 1310 46.

122 1314 244 1379 Equidem
249 1319 319 1368 robis
328 1321 416 1377 sontes,
426 1320 491 1368 unde
497 1320 631 1384 hauriretis,
640 1327 712 1382 atque
720 1318 807 1366 itinere
814 1318 867 1382 ipss
874 1318 956 1381 putari
965 1334 1018 1367 esse
1029 1319 1223 1374 demonstrande.

123 1381 163 1429 Id.
170 1398 214 1444 pro
225 1384 278 1448 Sul.
289 1401 311 1433 c.
322 1389 362 1434 26.
381 1385 484 1434 Verbum
495 1385 589 1450 eoquod
599 1399 706 1447 unquam
722 1399 752 1431 ex
762 1399 804 1432 ore
821 1383 891 1448 hujus
902 1383 1001 1442 excidit,
1017 1387 1080 1434 unde
1096 1388 1222 1454 quisquam

123 1447 204 1510 possit
214 1447 324 1497 offendi?
341 1453 431 1501 aword
440 1451 517 1501 wltiolr
526 1451 605 1512 might
615 1448 695 1515 offerret
704 1463 752 1513 arry
762 1463 815 1498 orte.

546 1566 562 1596 ³
573 1541 598 1616 2.
618 1565 808 1615 Unde-eodem.

162 1641 214 1691 Cio.
230 1643 248 1691 1.
261 1648 285 1692 1.
296 1647 326 1695 de
336 1647 422 1697 Diria.
437 1663 460 1697 c.
468 1651 510 1698 49.
524 1647 602 1711 princ.
629 1646 701 1696 Unde
712 1647 759 1694 huo
769 1646 874 1708 digressa
888 1651 935 1702 est,
951 1644 1036 1694 eodem
1047 1646 1129 1696 redeat
1140 1648 1224 1697 oratio·

127 1705 167 1754 Id.
178 1722 221 1769 pro
232 1709 299 1759 Mur·
309 1727 332 1762 c.
345 1715 384 1761 12.
401 1711 544 1761 Ridiculum
553 1711 688 1768 videbator,
707 1710 816 1758 homines
833 1726 888 1759 cnm
893 1716 963 1758 reete
973 1719 1047 1775 atque
1057 1712 1083 1760 in
1099 1712 1152 1763 loco
1170 1731 1228 1763 coa·

125 1769 255 1888 euffrosini,
264 1775 349 1839 jubere
365 1776 440 1836 ubire,
450 1786 487 1837 ut,
498 1777 563 1827 unde
578 1778 694 1834 abissent,
711 1776 798 1825 eodem
813 1775 896 1823 statim
906 1774 1020 1827 redirent.
1052 1776 1117 1828 Add.
1133 1779 1229 1830 amrin.

420 1940 436 1970 ⁸
447 1944 471 1991 9.
492 1941 561 1992 Unde
572 1956 616 2006 qao
623 1957 633 2000 ,-
650 1940 745 1990 roboare
759 1941 806 1990 aad
817 1939 927 1990 mitrato.

162 2015 247 2070 Sento.
259 2034 296 2084 ep.
306 2023 347 2072 29.
366 2020 413 2080 Qut
423 2022 548 2087 intelligis,
556 2023 622 2105 unde
632 2039 680 2098 quo
691 2021 803 2071 evaseris.

576 2121 592 2152 ⁴*
603 2127 629 2172 4.
648 2121 793 2172 Uada—ill.

164 2198 220 2247 Dio.
231 2200 248 2248 l.
259 2204 301 2252 28.
312 2216 334 2249 c.
345 2205 386 2251 26.
402 2201 470 2251 Vicit
490 2203 609 2251 sententia
620 2202 706 2257 lenior.
723 2208 757 2258 ut,
779 2201 842 2250 unde
857 2206 909 2253 orta
929 2199 1001 2264 culpe
1022 2208 1093 2257 esset,
1112 2201 1148 2252 ibi
1163 2219 1234 2268 poent

131 2264 284 2379 ῗοὲεἰειθᾷεῑ.
317 2267 469 2318 1d.1.oo.c.
483 2272 524 2318 29.
540 2269 589 2318 Ubi
605 2267 679 2334 erepit
693 2267 768 2317 oretio
784 2282 847 2333 mee,
862 2265 897 2316 ibi
907 2264 1010 2317 desinet.
1042 2266 1126 2318 'Add
1140 2270 1236 2320 amrin.

145 2361 152 2376 .
181 2345 220 2378 .c.
247 2363 255 2378 .

409 2433 410 2438 ’
443 2423 495 2482 ’ὄῖ
516 2431 680 2482 Unde-iada·
717 2422 929 2480 Unde—indidem.

170 2508 222 2557 Cic.
234 2510 253 2557 l.
263 2513 286 2557 1.
297 2510 326 2560 de
336 2511 432 2561 lavent.
443 2528 465 2560 c.
475 2517 517 2562 20.
544 2513 630 2561 Brevis
644 2512 690 2560 erit
705 2511 818 2565 narratio,
829 2509 850 2557 si
867 2509 933 2558 unde
944 2523 1045 2559 necesse
1061 2518 1106 2568 est,
1121 2510 1180 2561 inde
1189 2511 1237 2563 iui-

134 2572 196 2620 tium
207 2583 348 2624 sumeretur.
364 2575 446 2625 *Ado
458 2579 535 2627 Tacit.
544 2579 561 2627 l.
575 2581 615 2626 14.
625 2592 647 2626 c.
659 2581 699 2626 56.
726 2576 777 2625 Cio.
788 2575 805 2623 l.
816 2578 840 2623 ³.
851 2576 880 2622 de
897 2577 969 2625 Orat.
979 2590 1001 2622 c.
1012 2579 1054 2623 40.
1070 2575 1141 2625 Unde
1158 2577 1236 2626 similo

136 2637 195 2686 duci
216 2647 305 2703 potest,
327 2641 434 2691 indidem
453 2644 551 2692 verbum
566 2657 650 2699 unum,
668 2640 733 2705 quod
751 2637 933 2689 similitudinem
951 2640 1070 2698 continet,
1087 2643 1238 2700 onustatum,

137 2703 221 2751 lumen
232 2705 301 2754 affert
310 2707 419 2756 orationi.

574 2803 589 2832 ⁹
601 2807 626 2855 6.
647 2802 805 2852 Unde-nisi.

174 2885 227 2933 Cic.
239 2884 256 2930 l.
266 2888 291 2934 2.
298 2887 328 2934 de
339 2883 400 2933 Not.
414 2883 447 2933 D.
459 2899 481 2931 c.
493 2885 533 2932 ³1.
560 2884 633 2934 Unde
644 2885 695 2932 baec
706 2885 731 2931 in
742 2889 825 2938 terras,
836 2880 886 2931 nisi
896 2897 911 2930 s
925 2881 1029 2946 superis,
1038 2883 1144 2932 defluere
1153 2863 1239 2949 potue·

137 2950 212 2998 runt?
231 2950 287 2999 Lia.
298 2950 316 2997 l.
326 2953 350 2998 8.
361 2965 383 2996 c.
394 2953 419 2998 4.
437 2948 508 2996 Unde
527 2949 579 2998 haec
595 2948 646 2998 illis
663 2957 731 2996 tento
743 2947 872 3003 modestia,
889 2947 937 2996 nisi
957 2948 1136 3000 uconscientia
1152 2951 1239 3007 virium

139 3022 179 3062 est
195 3025 327 3063 nostrarum
338 3022 364 3062 et
373 3014 486 3062 suerum?

532 3087 583 3162 *7.
603 3110 671 3160 Unde
683 3126 725 3174 pro
736 3111 853 3174 quocirca.

179 3195 247 3243 Unde
261 3207 306 3256 pro
322 3207 395 3257 quare
410 3191 539 3254 religitur
554 3208 632 3240 rarum
647 3201 691 3248 est,
706 3201 731 3240 et
744 3192 870 3256 diligenter
888 3191 1014 3254 utendum,
1031 3192 1052 3240 si
1068 3192 1165 3258 quando
1180 3193 1240 3258 forte

141 3259 180 3307 nti
198 3259 267 3314 velis,
284 3257 397 3305 videlicet
409 3257 444 3305 ibi
463 3260 566 3315 tantum,
584 3258 627 3306 ubi
642 3259 713 3306 verba
730 3259 819 3307 adsunt
834 3258 961 3306 ablativum
982 3258 1099 3321 regentia.
1132 3257 1195 3321 Ergo
1212 3274 1243 3307 ns

142 3324 239 3372 imitere
257 3324 317 3370 illud
340 3324 475 3372 Columella
485 3323 537 3372 ld.
547 3323 617 3386 prcus.
634 3322 709 3371 Nulla
726 3323 793 3398 regio
810 3333 856 3387 est,
875 3337 927 3385 quae
945 3327 1003 3377 non',
1018 3331 1047 3370 ut
1062 3323 1192 3382 hominum,
1210 3324 1245 3374 itt

143 3396 301 3438 armentorum
313 3385 453 3451 adjumento
458 3387 562 3452 juretur.
588 3386 660 3436 Unde
671 3387 744 3436 etium
752 3396 957 3453 jumentenomen
965 3404 978 3435 a
986 3403 1011 3436 re
1021 3395 1124 3438 traxere.

443 3499 482 3565 (8.
502 3501 571 3551 Unde
581 3501 727 3564 geminatum
737 3517 780 3565 pro
789 3505 947 3566 undecunque.

177 3585 310 3648 Reperitur
318 3583 390 3631 etiarn
405 3582 470 3646 spud
480 3582 555 3630 bonos
570 3588 678 3631 auctores
690 3584 824 3633 undeunde
834 3599 877 3647 pro
887 3587 1047 3648 undecunque.
1065 3585 1155 3634 catull.
1165 3585 1244 3648 epigr.

144 3652 162 3701 l.
174 3655 215 3700 68.
227 3666 250 3697 v.
260 3655 301 3700 21.
318 3648 351 3696 Et
360 3643 515 3710 querendum
531 3645 595 3695 unde
606 3647 670 3695 unde
681 3647 751 3695 foret.
765 3647 804 3696 Sic
815 3649 880 3696 enim
889 3649 924 3697 ibi
934 3648 1039 3700 restituit
1050 3649 1159 3713 Scaliger
1169 3658 1244 3701 recte.

146 3715 292 3766 Vestianum
302 3713 384 3763 necubi
394 3727 491 3762 sensum
501 3711 649 3761 commodum
660 3712 813 3776 nonhabet.)

487 3827 503 3857 ¹
513 3829 537 3876 9.
555 3827 660 3877 Sicsndc
669 3834 708 3875 est
722 3828 744 3902 si
754 3841 799 3890 qao
810 3842 841 3877 ex
850 3829 908 3878 loco.

183 3913 235 3962 Cio.
245 3912 264 3961 l.
274 3914 300 3960 8.
310 3908 366 3960 dtr.
382 3909 422 3960 Sic
433 3908 497 3958 unde
508 3915 586 3974 potes,
596 3923 673 3958 erues.

183 4157 202 4190 ¹¹
219 4152 352 4218 Atquehic
366 4151 508 4211 notandum,
518 4148 560 4198 nbi
566 4147 647 4198 Latini
656 4163 701 4213 pro
711 4148 884 4199 Germanorum
894 4151 943 4210 ates]
953 4149 989 4207 ln,
999 4150 1043 4216 bey
1052 4152 1154 4203 relenta
1165 4155 1206 4202 rel
1216 4170 1248 4206 ex

147 4236 247 4288 ponere,
257 4219 292 4268 ibi
301 4232 343 4282 pro
354 4217 380 4266 ia
390 4232 443 4280 quo.
454 4217 517 4280 opud
530 4231 596 4279 quem
606 4215 770 4280 similibusque
781 4215 905 4281 particulis
916 4217 1107 4265 substituendum
1116 4233 1168 4267 esse
1176 4222 1247 4270 unde.

150 4288 202 4336 Cic.
212 4302 256 4350 pro
267 4283 377 4333 Marcell.
386 4298 415 4330 c.
426 4285 467 4331 11.
483 4280 518 4331 Ut
529 4279 593 4332 unde
604 4288 642 4330 est
652 4296 713 4338 orsa,
724 4281 750 4330 in
761 4281 845 4331 eodem
855 4281 996 4333 terminetur
1004 4282 1080 4333 oratio
1090 4297 1152 4334 mes·
1167 4287 1220 4336 tout
1232 4288 1250 4337 1

146 4349 348 4417 memorabere
360 4348 376 4398 1
385 4347 468 4411 begua.
1237 4365 1239 4369 ’
