2670 4636
64 205 131 282 in]
419 201 476 261 on
508 184 752 263 nlnntouus
773 214 832 266 etc.
1137 214 1177 271 25

274 367 314 415 1⁰.
322 363 363 416 Aa
373 378 417 430 pro
427 368 490 429 quod
498 367 587 418 attinet
597 368 636 426 ad,
648 366 764 433 (maxime
775 383 831 417 cum
842 367 987 435 adjectivis.)

98 448 172 512 Saepe
182 447 215 496 ad
226 452 356 510 usurpetur
369 461 414 511 pro
429 449 492 510 qaod
502 449 592 498 attinet
601 451 641 498 ad.
662 448 741 498 ctas
762 448 831 498 Verr.
843 465 865 497 c.
877 454 919 499 22.
939 448 999 500 Vidi
1009 450 1087 500 iorum
1100 457 1174 504 comi-

63 513 176 576 tiumque
194 511 344 567 adornatam,
365 511 396 559 ud
411 513 519 575 speciem
538 514 667 576 magnilica
681 520 776 569 ornatu,
792 514 823 562 ad
841 529 936 563 sensum
956 516 1175 583 cogitationemque

63 578 153 627 acerbo
163 586 188 626 et
199 576 306 640 lugubri.
339 576 380 625 Id.
390 591 435 639 pro
448 577 519 627 Sext.
532 594 554 626 c.
566 583 608 629 44.
626 577 691 626 Rem
706 578 791 641 quaeris
802 580 1175 643 praeclnramjuventutieddis·
1224 587 1228 593 ’

63 645 180 699 cendum,
188 657 235 690 nsc
241 642 301 689 mihi
308 639 431 688 difficilem
441 642 472 690 ad
480 642 668 711 perdocendum.
701 644 742 692 Id.
756 659 799 707 pro
811 646 884 693 Dora.
896 661 918 693 c.
930 650 971 695 12.
984 647 1031 695 Hic
1041 648 1086 695 tibi
1104 656 1175 698 autor

62 709 95 756 aa
112 707 294 762 instituendam,
305 705 382 753 socius
392 706 424 754 sd
438 707 630 770 comparandam,
642 706 734 772 adjutor
748 708 779 755 ad
791 723 841 756 rem
852 710 1022 772 perficiendam
1031 712 1115 759 luit.¹⁶
1132 715 1173 764 Id.

60 787 109 836 pro
124 773 200 822 Font.
217 776 293 820 ο.15.
311 770 357 818 Vir
373 771 404 819 ad
428 771 522 819 labores
541 773 602 820 belli
617 774 728 835 impiger,
746 773 776 819 nd
792 774 901 835 pericula
917 775 994 832 tortis,
1011 779 1040 824 ad
1058 792 1126 825 usum
1144 795 1173 827 ac

62 837 222 902 disciplinam
232 837 331 898 peritus,
340 835 371 882 ad
385 837 487 884 consilia
496 837 611 901 prudens,
626 837 658 884 ad
670 852 751 885 casum
765 838 931 904 fortunamque
941 841 1011 891 felix.
1025 842 1095 907 (vid.
1105 843 1184 907 plures

62 902 205 953 inErnesti
217 903 291 952 Claoe
304 900 369 965 Cir.)
566 918 570 925 ·

345 997 358 1024 ‘
370 981 415 1049 11.Ι
422 998 464 1049 Aa
476 999 549 1047 tinem
562 1005 639 1056 notat,
653 999 694 1048 vel
710 1001 893 1064 propositum.¹⁷

98 1081 156 1131 cte.
171 1083 185 1129 l
200 1080 275 1129 Catii.
293 1095 316 1128 c.
326 1082 352 1129 4.
371 1079 425 1128 Jem
439 1080 571 1146 intelliges,
588 1081 666 1128 multo
681 1095 722 1130 me
737 1080 837 1143 vigilare
848 1083 928 1130 acrius
938 1083 969 1130 ad
979 1085 1091 1141 salutem,
1101 1101 1172 1150 quam

61 1152 88 1194 te
109 1147 142 1193 sd
163 1145 295 1210 perniciem
307 1145 453 1208 reipublice.
482 1145 548 1194 1ι1.1
572 1147 628 1194 Cat.
649 1162 672 1194 c.
687 1149 728 1194 10.
755 1146 796 1193 Ad
817 1148 878 1195 hanc
894 1155 919 1196 te
937 1149 1064 1198 amentiam
1085 1163 1172 1201 natura

62 1210 171 1275 peperit,
187 1211 301 1257 voluntas
310 1209 425 1266 exercuit,
435 1211 532 1257 fortuna
542 1211 655 1258 servavit.
669 1211 753 1259 Cacsar
764 1212 801 1260 Β.
807 1212 836 1258 G.
849 1213 867 1259 l.
878 1217 903 1262 0.
915 1228 937 1261 c.
946 1217 1003 1261 110.
1015 1216 1029 1278 §
1041 1221 1065 1264 5.
1089 1216 1121 1263 Hi
1132 1232 1171 1264 re·

62 1291 121 1338 gum
131 1275 223 1324 amicos
231 1274 263 1387 qd
277 1280 379 1386 pontem
391 1275 521 1338 deposcere
537 1282 718 1324 consueverant.
728 1277 747 1325 i.
759 1290 779 1325 e.
790 1282 819 1324 ut
835 1284 909 1325 morte
929 1279 1087 1328 afficerentur.
1113 1281 1171 1330 Lio.

62 1342 81 1389 l.
90 1344 117 1389 2.
133 1356 157 1389 c.
170 1344 211 1390 17.
247 1341 272 1388 d.
295 1343 355 1388 .40.
366 1355 389 1389 c.
401 1345 443 1390 56.

512 1441 553 1491 12.
564 1436 605 1486 Aa
622 1437 653 1485 de
672 1453 728 1486 usu.

94 1518 238 1584 Aliquando
246 1517 453 1592 usum'significat.
479 1517 532 1566 cte.
547 1518 595 1576 Qu.
608 1519 679 1566 Frat.
690 1518 708 1565 l.
716 1523 741 1565 et
751 1533 787 1580 ep.
798 1522 822 1566 1.
843 1518 885 1566 Ad
901 1520 1015 1583 templum
1031 1537 1171 1574 monumen·

61 1594 164 1649 tumque
178 1592 287 1632 noenum
302 1583 412 1631 civitates
431 1583 559 1646 pecuniam
574 1583 711 1631 decrevere.
745 1582 785 1630 Id.
799 1589 813 1631 5
831 1583 901 1632 Verr.
914 1601 937 1632 c.
952 1590 993 1634 77.
1015 1585 1057 1633 Ad
1068 1594 1172 1637 statuam

61 1650 193 1715 9⁰⁰⁰¹¹i²¹¹¹
214 1648 1172 1768 mittunt.alitiltttt.it.‘ltt32lt.tt.ltl⁶tt

61 1715 240 1896 {3:erqu
241 1745 284 1892 11ιὲ
292 1779 322 1838 qf
327 1779 368 1827 tlte
378 1780 453 1828 asael
455 1777 597 1837 forsantius
612 1779 686 1840 days,·
702 1780 731 1826 lte
747 1747 804 1828 aoid
815 1779 855 1828 tlte
865 1729 939 1829 uisset
948 1781 1004 1843 only
1013 1795 1043 1828 on
1054 1748 1171 1847 lolidays.

111 1861 173 1894 ta..
215 1859 256 1891 .c.
286 1875 293 1890 .

482 1921 494 1946 ⁸
505 1927 546 1973 le.
557 1922 599 1972 Aa
609 1923 639 1971 de
649 1931 750 1972 eventu.

96 2006 141 2057 Ad
157 2004 278 2053 interdum
292 2011 404 2054 eventum
416 2003 543 2067 significat.
571 2005 623 2053 Cic.
637 2005 654 2051 1.
666 2009 691 2053 ³.
712 2006 760 2061 Ωιι.
772 2005 846 2055 Frat.
857 2021 893 2069 ep.
904 2009 929 2055 4.
962 2005 1093 2070 Pompeius
1108 2007 1130 2055 si
1145 2008 1174 2057 iu

10 2111 12 2116 .
62 2072 150 2120 urbem
160 2071 292 2128 introisset,
303 2071 333 2118 ad
345 2070 484 2118 inimicitias
493 2085 533 2117 res
548 2071 663 2118 venisset.
700 2071 779 2118 Cic-5
797 2070 866 2119 Verr.
882 2075 958 2120 c.28.
983 2070 1032 2128 Qui
1047 2073 1174 2122 damnatus

62 2138 118 2193 erit,
129 2136 207 2200 virgis
218 2135 249 2183 ad
258 2151 344 2184 necem
355 2134 469 2183 caedetur.
502 2133 569 2181 Add.
583 2136 636 2184 Cic.
648 2150 692 2198 pro
701 2135 800 2183 Manen.
810 2151 832 2182 c.
845 2139 885 2183 18.
906 2136 1031 2185 Palladius
1039 2137 1057 2184 1.
1067 2141 1090 2185 1.
1098 2155 1121 2188 c.
1130 2142 1172 2187 1³.

66 2203 168 2251 Tacitus
179 2203 197 2249 l.
203 2205 244 2249 15.
255 2217 278 2249 c.
287 2203 381 2265 22.§2.
399 2199 456 2246 Huc
462 2198 568 2262 pertinet
577 2199 639 2246 illud
655 2199 735 2248 Taciti
746 2199 816 2247 Hist.
825 2200 843 2247 l.
856 2203 879 2249 l.
887 2216 909 2248 c.
919 2205 961 2251 48.
974 2203 987 2265 5
997 2203 1021 2248 2.
1044 2201 1102 2250 Piso
1116 2218 1172 2266 pro·

63 2275 151 2331 perata
161 2267 292 2330 adoptione
303 2266 334 2313 od
344 2268 389 2313 hoc
402 2270 497 2312 tantum
506 2263 591 2327 majori
598 2264 665 2312 trani
676 2265 789 2326 praelatus
796 2272 842 2320 est,
852 2272 880 2312 ut
887 2265 1113 2329 prioroccideretur.
1123 2283 1174 2317 was

61 2334 189 2396 weseram
200 2333 279 2392 onore
289 2331 329 2380 iis
344 2331 450 2386 brother,
467 2330 509 2378 but
529 2335 554 2378 to
565 2327 592 2378 be
603 2328 836 2394 assansinntedfirtt.

184 2428 198 2454 ⁸
209 2433 250 2481 14.
266 2427 308 2478 Aa
323 2443 367 2492 pro
380 2429 509 2483 aduersae,¹
527 2429 642 2486 towards,
659 2432 691 2481 ta,
703 2427 773 2484 caiti,
787 2425 877 2491 (apud)
890 2427 920 2474 de
930 2429 1051 2491 personis.

97 2511 170 2560 Alius
181 2514 296 2561 odonna
310 2509 437 2573 significat.
457 2508 508 2556 Cic.
520 2507 600 2556 Atel.
611 2512 652 2557 12.
669 2522 705 2569 ep·
714 2513 755 2558 28.
774 2508 821 2555 Hae
832 2524 911 2557 causae
922 2509 943 2556 si
955 2510 1094 2573 manebunt,
1105 2527 1172 2575 qun·

64 2577 141 2627 tenda
151 2576 199 2625 erit
207 2575 328 2624 excusatio
339 2574 370 2633 ed
382 2574 494 2622 Brutum.
512 2572 552 2620 Id.
564 2587 600 2635 ep.
616 2576 656 2621 15.
673 2575 705 2622 ad
715 2573 789 2630 Brut,
807 2572 864 2619 Non
876 2573 902 2620 id
910 2575 1061 2637 propositum
1072 2583 1109 2624 est
1117 2577 1172 2627 huic

64 2643 185 2707 epistolae,
196 2641 329 2688 Messalam
343 2646 372 2686 ut
382 2637 488 2692 laudem,
499 2637 631 2699 presertim
642 2637 673 2684 ad
689 2638 799 2693 Brutum,
812 2638 851 2685 cui
861 2638 935 2685 virtus
947 2639 1014 2686 illius
1028 2654 1078 2687 non
1092 2641 1172 2690 minus

64 2723 137 2771 quum
147 2706 209 2754 mihi
224 2713 283 2754 nota
293 2710 339 2752 est.
363 2705 404 2752 Id.
415 2719 459 2764 pro
472 2703 521 2758 Ωιι.
536 2704 606 2750 Ruso.
619 2719 641 2750 c.
652 2706 692 2750 15.
712 2703 769 2750 Sic:
780 2702 905 2750 Allocutio
914 2702 945 2750 ad
955 2705 1082 2766 populum.
1103 2705 1171 2753 Add.

67 2773 121 2822 Cic.
133 2788 178 2836 pro
189 2772 278 2835 Ligur.
289 2786 311 2819 c.
324 2772 365 2818 10.
388 2767 430 2817 Ad
440 2773 566 2830 parentem
576 2768 609 2816 sic
621 2767 662 2830 ogi
672 2766 742 2814 solet.
768 2765 821 2830 (1(1.
831 2768 888 2817 Art.
903 2767 922 2814 l.
933 2775 961 2815 et
968 2783 1005 2832 cp.
1019 2772 1059 2817 10.
1074 2770 1130 2818 Fuit
1140 2770 1172 2818 ad

65 2851 105 2886 me
116 2838 184 2901 diu.)
836 2884 839 2889 .

428 2933 469 2978 15.
479 2928 521 2978 Aa
530 2944 573 2992 pro
583 2930 714 2986 adversm
729 2929 836 2990 against.

97 3015 171 3064 Alias
182 3029 227 3078 pro
239 3015 358 3064 mansas.
373 3010 449 3061 ctat.
460 3013 485 3057 2.
498 3011 568 3060 Fam.
577 3025 614 3072 ep.
627 3013 666 3058 16.
678 3009 771 3072 Magno
783 3009 864 3056 dolore
876 3025 914 3058 me
926 3010 1062 3060 affecissent
1072 3019 1119 3061 tuae
1130 3013 1171 3062 lit-

65 3088 133 3147 tere,
147 3081 196 3128 nisi
211 3079 327 3127 diuturna
341 3073 508 3140 desperatione
525 3089 603 3123 nerum
620 3075 773 3122 obduruisset
790 3075 882 3123 animus
897 3076 928 3122 ud
949 3077 1058 3124 dolorem
1074 3092 1171 3127 novum.

65 3147 105 3196 Id.
122 3161 167 3209 pro
179 3146 252 3194 Rosc-
262 3144 320 3193 Am.
339 3159 362 3190 c.
370 3146 412 3191 40.
423 3139 493 3187 Tecti
504 3154 556 3186 esse
568 3139 599 3187 ad
610 3140 702 3187 alienos
712 3155 851 3202 possumus;
873 3140 953 3188 intimi
965 3142 1039 3189 multa
1051 3144 1173 3205 apertiora

64 3211 172 3266 videant,
189 3223 288 3257 necesse
299 3215 345 3255 est.
355 3222 390 3255 we
405 3221 459 3268 may
474 3204 597 3254 dnsemilr
608 3206 668 3253 with
677 3209 803 3264 strangers
808 3221 818 3261 ;
829 3205 934 3269 bnttieq
943 3207 996 3255 wia
1005 3221 1047 3255 are
1057 3221 1087 3256 on
1099 3214 1173 3258 ternas

65 3277 92 3336 of
96 3277 213 3338 intimacy
220 3274 281 3323 witi
289 3287 325 3329 us,
333 3277 397 3321 must
402 3269 545 3333 necessarily
554 3285 593 3318 see
602 3284 674 3332 many
685 3269 769 3330 things
779 3271 805 3318 in
817 3271 932 3319 conarer
939 3270 1006 3332 point
1014 3271 1115 3329 osriew.
1128 3273 1170 3322 Id.

66 3342 83 3389 l.
95 3345 120 3390 l.
132 3343 163 3390 de
174 3341 235 3390 Dio.
246 3355 269 3387 o.
279 3342 303 3386 8.
315 3337 401 3385 Mirari
412 3337 476 3391 licet,
484 3349 537 3396 quae
549 3334 599 3382 sint
609 3334 802 3382 animadversae
816 3333 916 3382 medicis
932 3336 1059 3383 herbarum
1074 3352 1169 3398 genere,

67 3421 119 3469 quae
128 3404 248 3460 radicum,
257 3402 289 3452 sd
298 3416 392 3451 morsus
406 3400 543 3456 bestiarum,
559 3399 590 3447 ad
601 3399 726 3448 ocudorum
740 3400 844 3455 morbos,
858 3399 890 3447 ud
901 3399 1009 3448 vulnera.
1025 3401 1096 3449 'cia
1113 3401 1133 3450 l.
1143 3405 1169 3450 2.

67 3472 137 3521 Fani.
149 3485 187 3534 ep.
197 3474 222 3520 8.

519 3562 532 3589 ‘
540 3562 582 3613 Aa
591 3576 722 3611 numerum.

100 3648 187 3696 Caesar
196 3646 231 3696 Β.
240 3646 274 3695 G.
283 3645 301 3694 l.
312 3649 337 3694 5.
347 3660 370 3693 c.
378 3649 420 3694 20.
435 3649 497 3692 extr.
515 3642 620 3691 Obsides
630 3630 795 3689 adnumerum
805 3640 999 3704 frumentumque
1010 3641 1135 3691 miserunt.
1146 3649 1171 3693 to

68 3712 105 3762 the
115 3712 227 3774 required
238 3715 346 3762 atnount.
362 3709 421 3773 (int.
429 3709 592 3762 constitutum,
602 3707 745 3770 imperatum
757 3722 763 3751 ι
780 3705 813 3753 sic
824 3705 896 3752 etiam
910 3706 960 3755 cn.
973 3706 1006 3762 Q.
1018 3707 1063 3755 Fr.
1075 3706 1092 3753 l.
1104 3710 1129 3755 2.
1135 3723 1171 3773 ep.

68 3780 105 3826 13.
116 3777 219 3826 Judices
230 3776 396 3823 adnumerum
406 3775 503 3822 habere.
524 3788 558 3821 sc.
577 3772 671 3834 legibus
681 3769 835 3819 constitutum
850 3769 911 3833 etc.)

99 3961 169 4011 16Ῑιι
184 3963 234 4010 hoo
245 3963 359 4025 exemplo
373 3960 460 4025 partim
475 3960 549 4009 etiam
565 3960 620 4008 finis
631 3966 752 4024 spectatus
763 3958 841 4022 possit
850 3958 936 4021 videri,
946 3958 1033 4022 partim
1044 3967 1155 4012 eventus.

101 4029 125 4062 ¹⁷
138 4027 264 4076 Declaraii
270 4034 353 4091 potest
360 4026 398 4091 (in
407 4026 543 4089 nonnullis)
550 4041 595 4090 per
605 4040 684 4075 causa.
694 4039 734 4073 ex.
745 4039 780 4086 gr.
787 4024 873 4072 salutis
881 4038 959 4081 cuasa
967 4025 1083 4088 perniciei
1091 4042 1172 4087 cnm,
1200 4034 1204 4039 '

68 4101 214 4207 cet¹⁰⁸tlcute
225 4156 330 4206 fortasse
344 4162 372 4204 tu
383 4156 498 4219 exempla
507 4155 559 4203 haec
570 4154 600 4202 de
611 4141 659 4202 fine
670 4130 845 4217 interpreteris.

101 4224 126 4258 ¹⁹
138 4224 219 4272 Etiam
230 4223 260 4271 de
277 4229 384 4288 tempore
397 4223 442 4269 hoc
455 4222 592 4284 exemplum
602 4219 706 4284 intelligi
720 4223 811 4281 potest,
820 4215 890 4280 quasi
906 4216 1008 4266 dixerit:
1026 4235 1082 4267 cum
1091 4228 1173 4269 essent

71 4288 126 4348 testi
144 4289 208 4352 dies,
222 4304 278 4339 cum
289 4286 446 4337 advenissent
460 4285 578 4351 hospites.
612 4285 675 4348 Ergo
686 4283 786 4333 dubium
797 4288 843 4331 est.
877 4281 941 4330 Vide
953 4297 1024 4348 supra
1038 4285 1137 4332 Obstru.
1147 4289 1172 4333 5.

133 4356 202 4405 Ture.
1081 4345 1109 4395 1)
