2670 4636
91 249 272 326 sarman]
445 251 513 311 'DE
541 252 856 314 PARTICULISetc.
1152 254 1211 314 291

108 392 223 507 msa
237 401 297 452 erat,
314 395 413 446 foediora
426 398 551 462 aliquanto
567 399 633 449 intra
648 415 727 449 muros
739 360 779 465 iis,
790 399 878 464 quibus
893 398 969 447 lucetis
984 399 1114 455 territabat,
1132 397 1211 464 patie-

516 543 581 594 ⁸19.
599 547 808 610 Proetrrqoomat.
852 589 855 595 .
898 540 901 557 ³

148 617 203 668 Lis.
212 620 230 669 l.
241 627 268 668 et
277 637 299 669 c.
311 625 335 671 4.
349 629 411 671 extr.
427 624 491 686 Nec,
502 624 567 687 quod
583 640 625 672 nos
635 639 666 672 ex
676 626 795 673 connubio
806 632 884 674 vestro
896 632 1012 690 petamus,
1022 625 1148 694 quicquam
1160 632 1211 687 est3
1257 646 1260 654 ¹

112 691 272 748 praeterquam
283 693 309 734 ut
318 688 447 745 hominum,
457 698 486 737 ut
496 689 584 749 civium
594 704 692 737 numero
703 690 785 738 simus.

556 867 668 919 CAPUT
686 867 774 916 CXCI.
839 868 843 876 “

352 981 401 1039 Βι
421 978 569 1040 Aduerbio
588 981 713 1041 Parare
728 988 757 1040 et
782 981 973 1043 Posrnrora.

110 1106 288 1236 ἀαέθῗιὲυιι
304 1107 395 1157 dictum
406 1109 473 1173 quasi
481 1112 560 1174 priori
570 1112 617 1161 die.
631 1112 672 1163 tbe
683 1115 730 1177 day
741 1111 828 1172 before.
864 1111 993 1176 Postridie,
1007 1115 1100 1210 postero
1110 1109 1157 1167 die,
1169 1110 1209 1158 tle

391 1315 392 1320 ,
471 1277 496 1321 2.
512 1273 599 1325 Pridie
609 1283 635 1322 et
643 1275 760 1339 postridie
771 1289 847 1338 quom

146 1348 227 1411 AEque
238 1356 364 1414 unumque
375 1353 500 1416 copulatur
515 1369 567 1401 corn
578 1371 655 1418 quom.
690 1355 740 1404 Cic.
753 1357 782 1404 de
796 1354 875 1404 Amir-
892 1370 915 1402 c.
925 1358 948 1403 2·
965 1351 1047 1417 Scipio
1063 1351 1159 1401 domum
1171 1367 1206 1399 re-

111 1411 203 1460 ductus
219 1423 282 1464 esta
295 1416 402 1478 patribus
419 1420 570 1480 conscriptis,
589 1421 666 1482 pridie
682 1435 754 1483 quam
771 1418 876 1466 excessit
886 1434 900 1466 e
910 1418 967 1466 vita.
984 1419 1023 1467 tlse
1033 1419 1079 1481 dap
1090 1415 1168 1474 boore
1178 1417 1208 1465 be

112 1478 178 1526 died.
195 1479 236 1528 Id.
247 1481 265 1527 1.
281 1485 316 1530 te.
328 1481 397 1530 Pom.
408 1498 444 1544 ep.
455 1488 479 1532 7.
502 1481 568 1541 Quid
578 1499 655 1532 causae
671 1485 750 1540 fuerit,
766 1483 883 1547 postridie
893 1482 1009 1537 intellexi,
1027 1496 1097 1544 quarn
1114 1497 1128 1526 a
1138 1481 1207 1527 vobis

112 1542 224 1592 discessi.
257 1545 296 1594 Id.
306 1546 324 1594 l.
334 1549 358 1593 2.
369 1549 398 1595 de
412 1549 482 1597 Orci.
494 1564 515 1595 c.
527 1551 551 1595 3.
567 1548 667 1597 Postero
683 1549 734 1605 die,
749 1563 819 1612 quam
834 1549 876 1596 illa
886 1557 954 1596 erant
963 1554 1024 1603 acta,
1036 1547 1096 1594 bora
1106 1545 1156 1593 iere
1167 1561 1206 1592 se·

112 1608 203 1667 cunda,
214 1625 269 1658 cum
279 1610 350 1658 etiam
363 1618 415 1658 tum
424 1613 451 1660 in
463 1612 525 1660 lecto
537 1612 636 1661 Crassus
645 1622 718 1670 esset,
728 1621 827 1677 repente
839 1611 938 1661 Catulus
949 1627 1020 1660 senex
1032 1609 1105 1658 venit.

425 1708 475 1757 *4.
493 1709 588 1773 Pridie,
599 1725 659 1761 eum.
692 1709 823 1765 Postridie,
833 1724 893 1758 eom.
968 1713 970 1716 ’

150 1785 213 1834 Geir.
224 1785 240 1834 l.
251 1789 277 1835 4.
288 1803 309 1834 c.
322 1791 361 1837 1⁷.
389 1787 480 1843 Pridie,
494 1804 547 1836 curn
566 1788 665 1837 multum
682 1789 764 1840 allium
781 1788 868 1845 ederit,
886 1794 975 1837 vomat.
1007 1786 1125 1836 cisso.
1138 1788 1206 1837 Furti.

110 1864 150 1914 ep·
162 1855 187 1900 9.
209 1849 251 1898 Ad
260 1867 315 1900 eum
333 1853 448 1916 postridie
461 1869 530 1903 ruane
542 1853 666 1910 rodebam,
683 1871 736 1902 cum
748 1855 799 1902 haec
809 1853 901 1917 sedpri-

455 1957 479 2000 4.
496 1952 582 2001 Pridie
594 1959 619 2000 et
626 1952 744 2016 postridie
753 1952 803 2013 pos
813 1953 869 2002 diei·
1044 2001 1047 2005 .

146 2026 270 2077 Interdum
290 2039 414 2080 msomunt
435 2032 483 2092 ejas
500 2033 557 2081 diei.
591 2032 643 2082 Cic.
658 2033 675 2079 l.
689 2036 712 2080 1.
728 2034 798 2081 Fam.
813 2049 849 2096 ep.
865 2036 890 2082 4.
905 2031 1060 2079 'Sententiam
1075 2028 1158 2077 Bibuli
1175 2028 1205 2075 de

111 2091 189 2141 tribus
205 2094 293 2156 legatis
304 2096 379 2159 pridie
395 2096 446 2160 ejus
462 2097 511 2144 diei
521 2098 673 2160 fregeramus.
690 2099 729 2147 ibe
738 2100 785 2160 day
797 2097 882 2156 before.
920 2097 981 2144 Ceio
992 2097 1026 2145 R.
1039 2097 1072 2145 R.
1081 2097 1100 2144 l.
1114 2099 1137 2144 l.
1146 2111 1169 2141 c·
1180 2096 1204 2141 2.

109 2157 297 2209 Paterfamilias
306 2161 420 2224 postridie
433 2161 485 2224 ejus
495 2162 544 2209 diei
550 2163 655 2210 villicum
668 2169 745 2210 vocat.
766 2162 855 2226 (crat
867 2166 905 2212 13.
916 2161 971 2211 Ao.
979 2165 1064 2225 epo-dli.
1079 2157 1207 2208 Dolabella

111 2237 141 2271 se
152 2223 184 2271 ad
201 2239 240 2273 me
250 2233 375 2275 ventmom
386 2227 501 2290 postridie
512 2226 598 2274 Iduum
608 2227 710 2290 scribit.)

384 2327 408 2371 5.
425 2322 520 2379 Pridie,
529 2324 644 2386 postridie
654 2324 716 2388 idus,
728 2339 810 2380 aoros,
821 2325 936 2373 colendos.

145 2400 290 2467 Plerumque
297 2403 359 2458 idus,
370 2400 453 2460 morea
463 2404 572 2453 colendos
581 2412 664 2467 quarto
674 2420 730 2453 casu
739 2405 881 2452 adsciscunt.
911 2402 962 2451 Cic.
971 2402 989 2450 l.
1002 2405 1041 2451 1³.
1053 2400 1107 2451 Art.
1117 2417 1153 2464 ep.
1164 2405 1203 2450 25.

111 2467 168 2530 Ego
179 2466 283 2515 Romam
291 2468 367 2532 pridie
376 2468 439 2515 idus.
471 2469 534 2517 Ibid.
545 2486 567 2517 c.
578 2473 618 2519 14.
634 2469 759 2517 Auctionis
770 2469 832 2517 diem
843 2469 908 2516 obire
919 2467 990 2515 facile
1001 2471 1121 2530 poterunt,
1133 2465 1154 2513 si
1164 2463 1203 2513 me

108 2530 136 2578 in
147 2530 284 2580 Tusculano
296 2533 408 2595 postridie
417 2548 494 2580 nonas
504 2549 573 2581 mane
584 2534 747 2581 convenerint.

145 2594 171 2618 *⁹
187 2601 211 2645 6.
231 2597 263 2642 Ι).
280 2597 319 2644 Sic
327 2605 351 2644 et
360 2613 414 2644 cum
425 2598 568 2645 accusativis
576 2598 675 2646 aliorum
687 2598 815 2643 nominum.
827 2597 878 2645 Cic.
889 2596 905 2642 l.
917 2600 941 2644 2.
953 2595 1007 2644 Art.
1018 2610 1053 2657 ep.
1066 2599 1105 2642 lo.
1120 2592 1203 2642 Pridie

110 2661 258 2723 compitalia.
275 2670 299 2709 et
309 2663 325 2708 l.
337 2665 376 2710 16.
387 2677 422 2724 ep.
433 2667 458 2710 4.
474 2663 563 2709 Brutus
573 2677 623 2709 sese
632 2662 777 2724 scripturum
784 2660 871 2716 aiebat,
882 2667 909 2706 ut
919 2661 1070 2707 renationem
1079 2673 1141 2711 eam,
1150 2673 1203 2719 quse

108 2726 228 2791 postridie
238 2727 309 2774 ludos
324 2726 476 2789 Apollinares
491 2726 572 2773 futura
586 2739 631 2783 est,
644 2726 822 2788 proscriberent.
840 2726 937 2773 Petere.
949 2725 969 2771 1.
980 2725 1116 2773 Mercede
1130 2722 1204 2771 Pom·
1248 2765 1254 2771 .

144 2790 177 2840 'ir
192 2789 274 2839 Pridie
282 2792 385 2840 natalem
395 2790 480 2853 ipsius.
491 2790 536 2837 Est
547 2798 624 2838 autern
633 2791 725 2854 ellipsis
736 2789 927 2853 praepositionum
938 2792 993 2838 onte
1005 2795 1030 2835 et
1037 2793 1100 2851 post.
1117 2786 1203 2837 Lince.

122 2888 129 2903 ⁸
142 2857 271 2978 2¹·in{150
282 2857 366 2970 eatuierssn
377 2855 782 2973 norllslcslllllaioienellidlesltie
793 2925 820 2965 ut
836 2918 916 2973 tertio,
928 2921 1011 2980 quarto
1022 2916 1146 2972 Colertdes,
1161 2915 1203 2963 aed

107 2984 188 3047 pridie
198 2993 288 3033 tantum
297 3003 304 3046 3
321 3001 393 3034 causa
409 3000 423 3031 a
432 2984 574 3048 quibusdam
584 2984 687 3038 affertur,
694 2981 768 3045 quod
776 2985 892 3032 secundus
903 2999 916 3028 a
926 2981 999 3028 verbo
1009 2996 1093 3045 sequor
1104 2979 1202 3036 dicatur,

109 3048 164 3097 dies
175 3059 256 3109 autem
266 3051 307 3098 ille
317 3067 366 3098 non
376 3057 488 3113 sequatur
498 3048 624 3104 Calendas,
636 3048 679 3095 sed
689 3046 815 3110 precedat.
847 3049 982 3095 Lehmom·
992 3048 1021 3094 de
1032 3047 1103 3096 Anno
1110 3061 1135 3108 p.
1146 3047 1203 3095 180.

115 3114 185 3164 Voss
196 3117 226 3164 de
244 3116 295 3165 Vir.
306 3116 384 3165 Serm-
402 3131 426 3177 p.
445 3117 500 3163 150.
517 3113 596 3161 Aliam
608 3112 802 3171 affertrstionem
817 3113 886 3161 Vallo
897 3113 914 3160 l.
926 3115 949 3159 2.
960 3113 1019 3173 eleg.
1030 3127 1051 3159 c.
1062 3115 1105 3163 33.
1119 3115 1203 3157 utnon
1277 3170 1279 3175 λ

110 3177 216 3229 dicimus
225 3181 311 3231 rudius
320 3182 443 3236 secundus,
452 3178 489 3227 ita
498 3194 543 3226 nec
555 3181 654 3229 recordo
667 3179 792 3226 Colendos.

519 3277 530 3300 '
542 3282 566 3326 7.
587 3277 666 3340 Usque
677 3278 707 3324 od
713 3275 801 3339 pridie.

147 3358 200 3405 Cio.
211 3358 228 3406 l.
239 3364 263 3406 2.
274 3358 330 3407 Art.
346 3374 382 3421 ep·
397 3363 433 3406 10.
450 3357 489 3421 Ibi
499 3372 552 3404 esse
563 3359 617 3404 volo
627 3373 701 3420 usque
718 3358 746 3404 ad
758 3356 836 3418 pridie
846 3355 966 3404 Calendis
977 3355 1063 3402 Maias.
1096 3354 1159 3403 Ibid.
1169 3371 1204 3419 ep.

109 3428 152 3473 12.
170 3423 223 3472 Nos
231 3424 258 3472 in
269 3424 393 3472 Formiano
403 3439 457 3471 esse
467 3423 575 3481 volumus
585 3438 659 3484 usque
670 3425 699 3470 ad
711 3422 789 3485 pridie
799 3437 874 3469 nonas
883 3422 971 3468 Maias.
1094 3455 1100 3485 ‚

537 3590 652 3641 CAPUT
679 3589 782 3637 CXCII.

147 3712 198 3770 De
218 3709 368 3790 Aduerbio
393 3707 536 3766 Ριιιιιιιιιι
561 3712 588 3762 et
617 3702 741 3774 Porro,
764 3709 792 3761 ei
818 3701 852 3760 de
875 3702 999 3761 Nomine
1023 3700 1168 3761 Persius.

144 3843 160 3903 ς
171 3840 194 3888 Ι.
212 3844 235 3888 1.
253 3839 369 3887 Paruum
382 3845 408 3886 et
418 3837 494 3901 primo
510 3837 554 3883 hoc
565 3834 638 3884 ferme
652 3831 775 3894 differunt,
786 3829 851 3895 quod
858 3829 962 3893 priorum
970 3829 1002 3878 od
1012 3824 1117 3879 ordinem
1126 3847 1204 3881 rerum

111 3906 234 3970 pertioet3
247 3906 325 3969 primo
337 3906 366 3953 ad
378 3913 479 3965 tempus.

575 3996 588 4025 ¹*
598 3994 743 4042 Admonitio.

145 4083 302 4132 Attendenda
317 4082 356 4129 hic
373 4081 490 4145 particula
493 4079 581 4141 ferme,
592 4091 664 4139 quam
680 4083 751 4123 autor.
763 4081 842 4122 noster
853 4072 929 4134 ponit.
960 4071 1022 4119 Nam
1033 4072 1122 4137 inipso
1132 4076 1202 4125 etiam

112 4151 237 4204 Cicerone,
249 4148 291 4209 qui
302 4149 404 4208 primum
416 4153 443 4193 et
451 4145 527 4207 primo
537 4141 680 4191 curatissime
699 4138 821 4192 discernit,
838 4139 935 4185 alterum
951 4153 993 4200 pro
1010 4139 1083 4187 altero
1102 4142 1206 4202 ponitur.

112 4215 165 4264 Pro
180 4213 255 4263 Areb.
265 4231 288 4261 c.
299 4218 322 4261 3.
347 4211 382 4259 Ut
393 4211 492 4273 primum
506 4224 536 4256 ex
550 4207 632 4272 pueris
642 4205 746 4253 excessit
756 4203 866 4260 Archias,
878 4201 982 4266 primuni
998 4200 1137 4263 manubiae
1145 4208 1213 4251 caue:

109 4281 167 4328 riter
183 4278 327 4329 antecellere
345 4275 455 4323 omnibus
465 4274 555 4338 ingenii
571 4272 647 4339 gloria
661 4270 778 4348 contigit:
795 4279 851 4335 post
862 4275 909 4320 eci.
931 4268 986 4319 eeu
1002 4268 1083 4319 oeteis
1097 4269 1240 4329 scriptume
