2670 4636
111 312 210 390 ῃ...]-
460 310 517 373 nr
537 309 776 372 rrurroutrs
789 320 847 372 ec.
895 288 897 294 ’
1149 310 1211 369 cro

108 455 128 504 l.
139 461 163 505 2.
174 473 196 506 c.
206 461 248 506 29.
264 455 331 506 add.
343 459 382 508 Id.
393 457 410 507 l.
422 463 446 507 6.
456 461 524 506 odo.
533 456 606 506 ciel
618 456 761 507 Vmero.
776 455 893 518 Itnpropo
901 453 952 502 XL.
960 451 1209 516 diebueinterpoeitie‚

109 529 161 571 turn
172 521 276 586 denique
288 538 314 570 ee
326 522 357 572 nd
367 538 397 573 ea
405 536 560 586 responsurus
571 535 624 570 erre
635 521 786 569 arbitrantur.
803 521 870 571 ibid.
876 536 902 581 c.
911 524 950 569 18.
957 524 983 565 et
994 532 1038 581 pro
1049 519 1116 567 Mur.
1133 535 1155 566 c.
1165 522 1206 566 16.

110 593 137 634 et
150 587 167 633 l.
182 591 206 636 2.
216 590 245 636 de
259 588 329 637 Oret.
345 603 368 638 c.
378 592 420 637 77.
431 595 491 635 extr.
506 585 662 645 1164111.
676 602 698 634 c.
707 590 747 647 14.
764 593 789 632 et
802 586 922 635 Columell.
933 584 950 630 l.
961 588 985 632 t’..
995 598 1017 631 c.
1030 586 1069 632 12.
1086 582 1142 632 Lie.
1152 583 1170 630 1.
1181 585 1208 631 2.

109 666 133 698 c.
144 656 186 701 29.
212 652 247 700 Εο
258 645 359 716 repulso,
369 660 421 699 tum
432 665 488 699 vero
498 649 622 714 indignum
632 648 726 699 facinus
736 665 788 698 esee
801 641 949 697 clamitantur
959 655 1038 711 patres
1052 647 1164 695 derelunt
1174 647 1206 695 de

110 715 234 782 tribunali,
247 725 276 766 ut
285 716 363 766 lictori
374 716 464 765 auxilio
475 723 563 764 errent.
656 720 659 727 '

324 804 326 809 '
546 810 560 836 ⁹
570 817 594 862 e.
613 811 700 869 erut
716 816 775 860 rum.

147 892 201 943 Cic.
217 874 341 943 ebruc.
351 897 376 943 8.
392 891 567 942 Cedant-arma
582 899 653 957 togae.
684 890 767 949 Quid?
784 898 834 938 tum
844 903 923 951 nonne
939 888 1077 938 cesserunt?
1112 888 1209 938 Terent.

113 952 223 1006 Benaci.
232 960 257 1006 2.
268 961 292 1007 8.
304 954 332 1006 et¹
338 962 363 1008 4.
373 962 398 1006 7.
418 957 485 1007 Add.
497 957 588 1007 Heoot.
598 960 623 1006 4.
634 960 658 1007 8.
674 955 735 1020 (ch
747 955 858 1004 articulus
868 952 939 1002 niblli
950 955 1008 1033 est)

289 1073 305 1100 '
315 1075 340 1120 6.
358 1071 418 1120 Ttrm
428 1078 483 1135 poet
492 1071 667 1136 conjunctivum
673 1068 791 1135 jubentis,
800 1069 840 1134 vel
850 1069 1023 1132 imperativum.

145 1149 344 1215 Ι0161716111111.
355 1166 377 1199 c.
388 1155 429 1200 22.
453 1148 581 1214 Aspiciant
589 1151 652 1199 bunc
660 1151 743 1199 liorem
753 1149 881 1212 legatorum
888 1148 1084 1212 laudatorumque
1090 1147 1170 1197 Flacci
1178 1164 1208 1196 ex

112 1228 169 1261 vern
178 1220 203 1260 at
219 1229 250 1261 ne
260 1214 351 1278 integra
360 1213 468 1263 Graecia:
486 1227 535 1263 turn
546 1231 572 1263 ee
582 1213 793 1278 ipritexpeudunt
807 1223 858 1262 tum
868 1213 935 1262 hisce
946 1221 1092 1277 comparent.
1126 1213 1209 1262 Cicero

109 1276 155 1340 pio
167 1275 212 1326 Sul
250 1293 272 1326 c.
282 1281 323 1328 27.
339 1276 491 1328 Contuemini
502 1294 538 1334 oe,
553 1274 658 1328 conferte
674 1273 773 1341 crimen,
789 1295 844 1327 cum
854 1278 904 1325 rita
920 1293 995 1342 usque
1005 1277 1034 1326 ad
1051 1279 1096 1326 hoc
1114 1286 1208 1342 tempus

112 1341 233 1405 explicata
244 1360 249 1389 ι
267 1351 319 1391 tum
325 1343 414 1392 crimen
423 1344 593 1408 recognoscite.
611 1345 649 1392 Id.
657 1358 701 1406 pro
712 1345 797 1392 Plane.
805 1360 827 1391 c.
835 1348 875 1392 18.
885 1343 922 1392 ld.
930 1344 947 1390 1.
954 1350 977 1392 5.
996 1344 1065 1392 lter.
1076 1344 1122 1399 Qu.
1133 1359 1155 1389 c.
1167 1345 1209 1391 24.

112 1405 239 1461 Interdum
256 1408 349 1457 accedit
366 1409 473 1472 deripu-
506 1408 571 1458 ltro.
586 1409 638 1457 bl.
650 1424 671 1456 c.
683 1411 723 1457 19.
739 1407 827 1464 Quare,
838 1409 1153 1471 ¹quorum'demouutrentur
1169 1421 1208 1454 ee·

113 1471 199 1584 fficio
216 1471 243 1520 in
262 1471 366 1528 Graecie,
383 1473 545 1537 reminiscere,
562 1473 671 1535 quoniam
691 1486 718 1521 ee
734 1472 849 1535 initiatus,
866 1487 919 1534 que
934 1474 1058 1521 tradantur
1072 1470 1206 1536 mysteriis:

175 1535 297 1602 denique,
306 1553 378 1601 quam
386 1536 433 1586 hoc
445 1538 492 1586 lete
504 1536 730 1601 pateatiutelliges.
763 1537 803 1587 Id.
811 1541 843 1587 10
854 1536 921 1586 Ptil.
930 1553 952 1588 c.
965 1542 990 1587 9.

407 1652 432 1700 7.
449 1650 509 1700 lum
519 1664 575 1698 cum
585 1664 655 1707 nunc,
673 1647 699 1714 (⁸
710 1649 770 1699 Trea
780 1662 833 1697 cnm
845 1649 922 1714 jem.)

148 1730 219 1794 Saepe
230 1732 351 1780 confertur
364 1746 419 1780 cum
434 1746 504 1780 aare.
540 1732 592 1780 Cic.
607 1732 636 1779 de
646 1730 726 1780 Amic.
744 1747 766 1778 c.
778 1735 801 1778 1.
817 1727 878 1778 Tum
889 1737 926 1778 ert
944 1725 1006 1779 Ceto
1019 1728 1114 1777 locutus
1122 1745 1130 1788 ;
1146 1744 1210 1779 nunc

114 1795 214 1845 Laeliue.
247 1797 288 1846 Id.
298 1797 315 1844 l.
326 1800 350 1844 9.
361 1811 397 1860 ep.
407 1796 451 1845 ult.
468 1797 530 1844 Tum
541 1810 633 1844 eremus
643 1794 668 1842 in
679 1796 779 1843 maxima
791 1809 832 1856 epe
841 1811 849 1854 3
863 1810 926 1843 nunc
937 1811 982 1859 ego
993 1794 1091 1857 quidem
1101 1793 1126 1840 in
1135 1795 1210 1843 nullu.

115 1860 157 1911 Iu.
167 1861 185 1908 l.
196 1864 220 1910 ⁷.
230 1859 286 1926 Ati.
296 1876 333 1949 ep.
345 1866 369 1911 6.
386 1858 441 1909 Nini
448 1859 509 1911 forte
520 1858 573 1909 hec
580 1859 617 1909 illi
624 1867 672 1907 tum
681 1858 874 1924 comedimus,
885 1869 912 1928 ut
920 1876 984 1909 nuuc
993 1875 1046 1907 curu
1056 1859 1119 1907 bene
1129 1867 1211 1922 parato

115 1924 285 1988 pugnaremus.
321 1924 387 1973 Add.
396 1926 413 1973 1.
424 1928 448 1977 2.
461 1923 530 1974 Fam.
541 1941 576 1991 ep.
587 1929 611 1974 6.
630 1925 691 1973 Coee.
702 1926 736 1974 Β.
749 1925 779 1972 G.
790 1924 808 1971 1.
819 1929 843 1972 8.
854 1939 876 1970 c.
887 1927 927 1972 17.
939 1925 952 1989 §
965 1928 988 1974 1.
1005 1923 1020 1954 ³
1035 1924 1086 1973 Cic.
1093 1939 1138 1988 pro
1148 1923 1210 1973 Sua.

116 2004 139 2036 c.
152 1993 177 2039 tt.
193 1989 266 2055 Ictum
278 1986 401 2054 personam
417 1991 584 2039 vehementem
596 1997 621 2038 et
636 2004 722 2044 norem,
737 1988 809 2052 quam
822 1986 883 2036 mibi
897 1999 946 2036 tum
963 1996 1057 2054 tempus
1075 1997 1101 2036 et
1115 1989 1212 2052 respub.

114 2051 240 2118 imposuit,
251 2054 301 2119 jam
311 2054 419 2103 voluntas
430 2061 455 2103 et
465 2061 550 2103 natura
558 2056 609 2118 ipra
620 2052 731 2103 detraxit.

551 2151 566 2182 ³
576 2156 601 2201 8.
619 2151 779 2214 llam-moe.

150 2230 327 2297 2191643711.
344 2249 367 2282 c.
380 2237 404 2283 6.
419 2232 480 2281 Tum
497 2231 528 2281 de
546 2233 640 2294 calute3
656 2248 714 2280 mox
724 2232 754 2280 de
764 2230 863 2281 victoria
874 2239 1004 2282 certavero.

538 2327 589 2378 ⁶9.
607 2329 792 2378 Tum-deinde.

118 2474 138 2523 Ι.
150 2409 237 2524 {iocinera
245 2410 262 2458 l.
271 2415 297 2461 1.
306 2427 330 2460 c.
342 2415 367 2461 8.
399 2409 449 2470 Qui
459 2408 541 2468 vomit,
558 2409 680 2459 ambulare
695 2409 840 2476 debet,tum
856 2409 923 2474 ungi,
939 2408 1027 2461 deinde
1041 2425 1142 2459 coenare.
1174 2409 1233 2459 Ida

207 2568 210 2574 ’
490 2570 553 2619 ἰο.
572 2570 840 2634 num-orro-porr.
943 2622 945 2626 ,

122 2633 141 2643 '¹
154 2651 207 2702 Cic.
217 2651 292 2701 Brut.
307 2667 330 2701 c.
341 2655 382 2702 88.
398 2650 542 2701 Hortensius
554 2649 670 2698 inciderat
679 2650 706 2698 in
717 2649 795 2698 Cottae
811 2657 837 2699 et
854 2649 950 2714 Sulpitii
960 2656 1063 2708 atatem,
1080 2650 1215 2700 excellente

118 2723 170 2766 tum
186 2715 273 2765 Croroe
284 2723 310 2765 et
320 2716 437 2774 Antonio,
448 2716 536 2766 deinde
547 2714 669 2778 Philippo,
680 2723 734 2778 poet
744 2715 760 2764 J
763 2715 820 2764 ulio.

550 2819 616 2869 ’11.
634 2819 788 2870 ilem-unte.

149 2902 208 2962 Cic.
219 2892 237 2950 1.
246 2907 271 2952 2.
280 2888 309 2953 de
321 2903 391 2953 Oret.
406 2919 428 2951 c.
439 2905 481 2951 21.
500 2899 557 2949 Non
568 2907 606 2947 eet
621 2899 745 2964 credibile,
755 2898 814 2965 quid
823 2898 941 2950 iuteresse
954 2899 1013 2950 mibi
1023 2899 1144 2950 uitricum
1154 2900 1217 2951 inter

120 2982 186 3025 eum,
196 2967 239 3030 qui
256 2975 305 3016 tum
316 2975 374 3024 erat,
390 2975 416 3017 et
431 2965 474 3031 qui
484 2979 546 3014 nuno
555 2972 610 3013 ante
620 2965 708 3013 fuerat.

419 3080 435 3110 ⁹
447 3083 487 3129 12.
505 3079 639 3129 diere-boc
648 3082 760 3142 tempore.
778 3077 837 3128 ilum
846 3078 922 3129 bodie.

123 3162 212 3277 c&
219 3161 354 3276 lzlbgdnm.
363 3177 399 3227 ep.
411 3166 452 3212 29.
469 3161 501 3209 Et
517 3167 569 3208 tum
578 3158 751 3224 rempublicam
760 3158 868 3224 lugebam
879 3168 906 3209 et
922 3161 967 3209 hoc
977 3167 1091 3224 tempore.
1125 3161 1165 3210 Id.
1173 3175 1218 3224 pro

453 3322 520 3373 ι19.
538 3324 716 3387 llam—pecten.
733 3322 893 3372 dum—oliae.

157 3404 209 3455 cte.
222 3405 240 3452 l.
249 3409 275 3454 6.
285 3403 340 3454 Arr.
351 3419 387 3467 ep.
396 3409 422 3454 2.
439 3403 472 3450 Et
485 3410 537 3452 tum
546 3418 650 3466 precene
670 3413 695 3453 et
707 3410 793 3468 pecten
808 3403 947 3452 creberrime
962 3418 1011 3451 non
1029 3401 1111 3451 destiti
1127 3417 1218 3466 rogare.

122 3467 195 3518 Adde
214 3469 249 3518 eie
258 3472 329 3519 uod.
339 3469 366 3517 in
381 3467 462 3520 Votirr.
479 3483 502 3516 c.
513 3472 537 3517 6.
555 3469 618 3531 Nep·
629 3469 737 3518 Hunnib.
754 3485 777 3516 c.
789 3472 828 3518 11.
839 3477 898 3516 extr.
919 3467 1040 3516 Hannibal
1053 3477 1162 3515 neutum
1180 3481 1219 3515 so·
1292 3495 1295 3501 -

120 3532 322 3648 {rupaecedssepe
340 3534 400 3584 aure
413 3530 562 3597 pedestribus
578 3533 654 3597 copiis
664 3534 717 3596 pari
730 3532 856 3596 prudentie
865 3533 960 3598 pepulit
976 3532 1128 3582 adversarios.
1161 3530 1218 3581 Lir.

533 3694 599 3744 ⁴14.
617 3693 685 3749 Trea,
703 3695 803 3757 quondo.
833 3692 835 3697 '

157 3775 365 3827 Plautinum.
376 3780 402 3827 4.
416 3782 499 3841 antep.
522 3775 575 3840 Ego
589 3781 640 3823 tum
651 3772 738 3831 dicam,
750 3772 846 3837 quando
857 3788 915 3822 neue
925 3780 1017 3837 poscet.

490 3948 493 3953 ι
524 3888 586 3939 ⁸15.
605 3887 817 3952 ditm—quomdirr.

159 3970 212 4020 cte.
222 3973 239 4019 2
252 3970 320 4033 Verr.
328 3988 351 4024 c.
361 3976 402 4022 24.
419 3971 445 4018 Ie
452 3970 495 4019 tibi
501 3969 593 4020 amicus
601 3985 651 4019 non
657 3968 726 4018 modo
734 3976 786 4018 tum
793 3968 848 4028 fuit,
855 3967 1053 4034 quamdintecum
1061 3969 1087 4018 in
1098 3968 1221 4032 provincio

123 4035 183 4095 initi
192 4050 275 4084 verum
285 4035 358 4084 etiam
367 4051 432 4084 nunc
441 4043 487 4085 eet.

187 4118 190 4125 ’
456 4132 468 4156 “
488 4136 527 4183 16.
546 4133 717 4182 ilum—donec.
739 4132 894 4181 Tum-dum·

157 4215 244 4264 Dicitur
253 4214 271 4263 l.
282 4218 323 4264 46.
331 4230 353 4264 c.
365 4219 389 4264 6:
406 4215 443 4262 Ea
453 4215 538 4262 cohors
549 4221 675 4278 prosecuta
683 4227 764 4277 regern
773 4212 917 4278 lugientem,
924 4219 1024 4262 netum
1033 4213 1141 4274 umbem
1145 4213 1235 4256 duwe-

122 4278 204 4335 debat,
220 4278 375 4342 donecjneeu
388 4279 484 4328 Octavii
494 4279 682 4345 pronunciatum
693 4287 787 4344 eetper
797 4294 949 4346 preconem.
979 4278 1024 4326 lt.
1039 4280 1104 4324 mu.
1119 4269 1258 4319 §rennues

105 4342 162 4403 jam
174 4349 233 4399 tum,
245 4342 304 4391 dnm
312 4344 419 4407 pecunia
430 4344 576 4408 deferretur,
588 4348 690 4400 Cretum
699 4345 817 4414 petebut.
