2670 4636
118 262 178 324 aus
464 248 633 322 uounuu
664 260 909 321 ruussuurur
1068 265 1227 343 [eroum

119 394 221 451 Quoties
235 394 335 457 patriam
350 394 451 459 videret,
465 395 575 444 todease
590 393 734 443 beneficium
753 409 833 443 rusum
844 391 927 442 videre
942 393 1047 443 dicebat.
1083 392 1177 442 *And
1189 393 1226 440 Id.

119 474 163 522 pro
175 461 284 509 Marcell.
296 476 317 508 c.
328 463 353 508 6.
369 469 395 508 et
404 461 422 507 1.
432 465 456 508 3.
467 462 497 511 de
510 462 582 509 Orat.
592 475 615 509 c.
627 463 668 508 36.
868 474 873 484 ·

158 523 280 573 luterdum
298 524 395 573 assumit
414 539 512 589 cunque.
547 523 599 574 Gic.
609 539 652 588 pro
666 525 761 572 cluent.
775 540 797 571 c.
810 527 850 572 18.
860 523 1059 588 Quotiescunque
1077 522 1144 578 dico,
1158 521 1229 585 toties

124 587 994 654 milrirideorinjudiciumvenirenoningeniimodo‚sedetiamvirtutis.
1012 590 1052 641 ld.
1061 589 1151 639 lade
1160 589 1229 636 Orat.

125 669 148 729 c:
159 657 201 702 61.
234 654 398 731 Ουίηιρτρᾱίο,
411 653 446 702 mi
457 655 535 720 Spuri,
547 663 575 703 ut
584 653 773 718 quotiescunque
784 654 883 718 ςηάιιιιι
893 654 978 718 iacias,
993 654 1067 704 toties
1077 653 1125 703 tibi
1135 660 1227 702 maran

126 727 238 767 vututum
251 728 331 768 veuut
341 735 366 768 ru
378 727 491 769 urentem·

545 801 560 830 *
570 805 596 850 ἢ·
615 801 802 856 omia-'nm

143 947 148 958 ι
161 883 214 981 Cic⁵
225 883 243 931 1.
254 886 278 932 6.
289 884 319 932 de
331 883 389 932 Fu.
399 898 421 931 c.
432 885 473 932 aa.
490 882 591 938 Quoties
601 884 646 931 boc
662 882 748 946 agitur,
763 882 898 946 quandove,
909 882 958 931 uisi
967 880 1171 931 admirationibus
1180 897 1227 929 nra·

124 963 209 998 mn·
476 1013 491 1043 *
504 1016 528 1060 t.
547 1013 870 1076 Quotiescunque-semper.

161 1096 241 1156 Nepos
251 1093 360 1144 Hannib.
370 1109 392 1142 c.
405 1098 428 1142 1.
455 1093 651 1157 Quotiescunque
662 1093 785 1143 Hannibal
795 1111 852 1143 cum
861 1095 952 1160 populo
964 1092 1079 1143 Romam
1090 1107 1227 1156 congressus

125 1167 163 1207 est
176 1160 202 1207 iu
211 1159 291 1218 Italia,
302 1173 396 1222 semper
406 1159 522 1206 discessit
532 1158 646 1222 superior.

420 1261 447 1305 4.
465 1256 566 1312 Quoties
575 1264 602 1304 et
610 1257 792 1320 quotiescunque
802 1257 920 1306 absolute.

160 1336 282 1387 Interdum
292 1338 399 1387 absolute
418 1338 523 1400 ponitur.
541 1337 617 1385 ctus
633 1337 707 1386 Cutil.
716 1353 738 1386 c.
753 1342 779 1387 6.
795 1337 897 1394 Quoties
902 1337 962 1402 jam,
974 1337 1070 1401 quoties
1079 1335 1128 1384 tibi
1138 1342 1225 1383 extorta

128 1410 166 1448 est
182 1403 232 1451 sica
245 1404 292 1452 ista
309 1403 340 1451 de
354 1403 482 1451 mauibusi
508 1403 570 1450 Coea.
580 1402 597 1450 l.
608 1407 633 1451 ll.
643 1403 672 1451 de
684 1403 718 1451 Β.
731 1402 764 1451 G.
790 1402 892 1459 Quoties
906 1417 1009 1466 quaque
1026 1403 1113 1450 cohors
1128 1415 1225 1464 precur-

127 1468 204 1522 rebat,
215 1469 246 1517 ab
255 1483 285 1518 ea
294 1475 363 1533 parte
372 1481 473 1532 magnus
482 1466 589 1515 bostium
599 1482 712 1515 uumerus
722 1467 832 1516 cadebat.
866 1468 918 1517 Cir.
926 1483 970 1533 pro
982 1467 1054 1518 Sext.
1066 1482 1091 1517 c.
1103 1470 1146 1518 69.
1162 1466 1224 1524 Quo·

128 1534 269 1598 tiescunque
280 1549 317 1583 rue
329 1533 423 1590 viderit,
437 1532 586 1598 ingemiscet.
606 1533 656 1582 Ubi
665 1533 737 1582 toties
745 1531 898 1597 intelligitur.

536 1693 651 1744 CAPUT
677 1692 816 1744 CCXXXI.

465 1814 515 1872 Dc
532 1810 681 1872 Aduerbio
698 1809 889 1878 Quousque.

162 1948 185 1993 1.
201 1945 347 2002 Quousque
355 1959 404 1991 nou
412 1942 489 1990 solum
499 1942 529 1989 ad
540 1942 629 1996 locum,
639 1939 683 1988 sed
691 1939 779 2004 sapius
787 1941 819 1988 ad
829 1948 925 2003 tempus
935 1939 1046 1990 raiennr.
1064 1940 1118 1990 ca.
1128 1943 1141 1988 1
1155 1937 1228 1988 Catil.

127 2027 151 2060 c.
167 2015 190 2059 1.
206 2011 338 2073 Quousque
355 2009 454 2057 taudem
471 2007 568 2055 abutere
586 2004 704 2068 patientis
719 2006 818 2054 nostra?
842 2007 896 2055 uoto
909 2007 966 2068 long
976 2007 1030 2056 toill
1045 2021 1092 2069 yos
1105 2004 1177 2054 uiuae
1186 2015 1228 2051 aar

125 2077 251 2138 patience?
268 2076 307 2124 ld.
325 2076 343 2122 1.
356 2079 395 2123 15.
406 2073 508 2136 Attep.
519 2074 560 2120 23.
576 2071 707 2134 Quousque
724 2069 835 2134 inquies?
860 2069 948 2128 Quoad
966 2071 1014 2118 erit
1028 2069 1152 2134 integrum.
1187 2069 1228 2117 le.

127 2141 144 2187 1.
157 2143 216 2190 l.de
228 2141 291 2190 Ναί.
303 2140 337 2189 D.
345 2155 367 2188 c.
378 2144 418 2189 40.
435 2139 565 2200 Quousque
576 2135 657 2184 ludis?
675 2135 714 2185 ld.
723 2150 767 2200 pro
776 2138 861 2186 Plunc.
869 2152 891 2186 c.
901 2141 942 2187 31.
950 2136 1083 2202 Quousque
1090 2133 1150 2186 dicis
1157 2130 1229 2189 nihil,

126 2211 171 2255 cet.

516 2349 531 2377 *
542 2345 656 2396 CAPUT
684 2345 836 2394 CCXXXII.

480 2463 529 2523 De
558 2461 720 2523 Particule
743 2462 849 2522 Raso.
862 2463 880 2493 ¹¹

161 2602 184 2646 1.
201 2595 280 2644 liano
289 2571 327 2644 est
336 2609 383 2644 non
398 2608 468 2659 soepe.
496 2594 577 2650 Quare
587 2599 697 2642 naturam
708 2591 880 2656 particularum
892 2589 1034 2655 negantium
1045 2591 1129 2641 babet.

566 2690 579 2716 “
590 2696 615 2741 3.
634 2690 788 2741 Raro-nin.

162 2780 245 2828 Celsus
252 2776 323 2841 prus.
334 2775 351 2822 Ι.
364 2779 386 2824 1.
405 2773 462 2838 Ipsa
479 2772 602 2822 evidentia
616 2772 750 2821 Erasistrati
764 2771 871 2836 opinioni
890 2778 1019 2837 repugnat,
1034 2769 1093 2835 quia
1107 2785 1170 2828 raro,
1184 2769 1227 2819 nisi

127 2854 182 2908 post
195 2845 277 2891 horum
287 2840 387 2904 aliquid,
401 2838 494 2888 morbus
504 2840 580 2887 veuit.

564 2936 577 2962 ⁰
587 2940 611 2986 3.
631 2937 800 2999 Rure-sepe.

163 3024 246 3071 Celsus
256 3022 273 3067 1.
285 3025 309 3070 5.
319 3036 341 3067 c.
352 3023 394 3069 28.
417 3019 523 3067 Maxime
541 3020 567 3067 id
581 3019 662 3067 evenit
672 3020 698 3066 in
713 3026 782 3066 aetate
799 3018 896 3084 puerili,
914 3033 967 3067 raro
982 3019 1010 3066 in
1023 3017 1108 3067 medio
1124 3034 1226 3084 corporo,

128 3104 190 3152 saepe
200 3089 226 3136 in
237 3085 398 3135 eminentibus
410 3084 525 3148 partibus.

524 3213 650 3277 (CAPUT
677 3212 840 3263 CCXXXIII.

488 3346 538 3406 De
562 3346 724 3406 Particulu
747 3345 869 3406 Recru.

385 3476 506 3524 Particula
516 3480 578 3524 recte
589 3475 667 3522 varios
680 3475 753 3524 babet
763 3477 887 3537 elegantes
897 3488 955 3520 usus
966 3489 971 3518 :

162 3568 185 3612 1.
205 3562 276 3610 Recte
286 3561 312 3607 in
322 3556 490 3622 respondendo
501 3557 602 3604 affirmat
612 3567 637 3604 et
646 3568 727 3620 negat.
761 3557 857 3604 Dicitur
872 3554 945 3618 igitur
954 3554 1057 3617 primurn
1071 3553 1226 3616 eleganterin

129 3626 304 3692 respondendo,
314 3634 340 3672 et
356 3623 486 3671 affirmandi
497 3638 570 3670 causa
582 3631 607 3670 et
620 3622 741 3686 negandi3
759 3622 784 3669 in
795 3637 841 3685 quo
851 3619 977 3684 posteriori
992 3634 1083 3681 genere
1097 3619 1170 3666 etiam
1188 3617 1228 3666 ali·

128 3710 199 3758 quaru
209 3691 367 3741 urbanitatem
376 3690 458 3744 habet,
468 3687 569 3752 ejusque
575 3690 686 3752 exemplu
694 3696 749 3735 suut
756 3687 821 3751 apud
830 3686 943 3735 Comicus
951 3685 1069 3748 inprimis.
1091 3683 1124 3733 V.
1138 3684 1227 3735 Tassat.

128 3763 193 3810 Eua.
204 3764 229 3809 3.
242 3763 266 3808 3.
276 3761 317 3807 bl·
328 3755 390 3805 Her.
401 3758 425 3802 3.
436 3758 460 3803 3.
471 3758 511 3803 311.
524 3761 571 3801 etc.

408 3855 433 3899 2.
450 3853 524 3900 Recte
534 3866 576 3912 pro
586 3858 651 3900 rectu
662 3853 710 3905 cia,
719 3849 955 3914 perpendiculariter.
966 3895 978 3925 ,ι

162 3939 214 3987 Cic.
224 3939 241 3986 l.
253 3942 277 3985 1.
287 3938 316 3986 de
327 3936 386 3984 Fin.
395 3951 418 3982 c.
430 3938 454 3981 6.
470 3935 499 3982 de
510 3933 596 3982 utentis
608 3933 708 3994 Epicuri
715 3950 723 3980 .·
749 3933 803 3979 Sive
815 3931 868 3978 nliae
881 3928 1044 3984 declinabunt,
1052 3929 1108 3978 aliae
1117 3944 1161 3978 suo
1171 3935 1228 3977 nutu

126 4013 192 4053 recte
213 4003 325 4048 serentur.
343 4000 480 4062 ibIdemque
491 4012 546 4044 mox
555 4002 619 4046 recte
629 4004 655 4044 et
665 3999 757 4061 oblique
767 4003 927 4059 opponuntur.

550 4130 659 4137 m

159 4212 179 4243 ¹¹
196 4211 280 4260 Rarus
296 4208 326 4256 de
342 4209 460 4272 paucitate
480 4215 506 4256 st
519 4206 679 4270 infrequentia
696 4206 807 4254 arborum
823 4205 969 4268 aliarumque
979 4219 1061 4251 rerum
1072 4202 1161 4250 dicitur
1177 4215 1227 4265 pro

113 4281 179 4346 prie.
197 4279 265 4344 Ergo
274 4276 362 4326 tralato
372 4275 405 4324 de
418 4285 537 4341 ternpore.
547 4271 670 4323 Fortassis
674 4272 747 4335 igitur
755 4273 841 4334 ipsum
849 4271 1055 4330 tenuqorisnornen
1062 4268 1121 4317 huic
1129 4266 1228 4342 ablativo

105 4356 193 4400 urente
202 4343 392 4422 subjiciendum
404 4351 452 4393 est.
