2670 4636
117 232 175 295 teo
418 232 590 296 nostru
621 233 861 298 russrturru
1097 248 1212 323 [sicis

114 398 176 440 mus,
186 396 237 430 rein
248 379 321 430 udam
331 376 422 441 percipi
436 393 520 441 posse:
539 388 603 428 certe
616 381 690 429 levior
708 383 858 444 reprehensio
871 390 917 440 est,
933 385 998 446 quod
1008 391 1089 434 tamen
1107 362 1206 439 dicimus

115 464 168 498 esse
178 447 286 509 quaedsm
297 443 436 508 probabilia.
464 444 502 493 Id.
513 445 531 491 1.
544 449 583 493 13.
597 446 664 495 Fam.
676 462 712 508 ep.
729 450 770 496 28.
781 448 834 495 init.
859 447 928 496 Licet
938 450 1022 496 eodem
1034 455 1148 515 exemplo
1164 471 1205 502 sse-

116 514 171 578 pius
181 512 227 561 tibi
237 509 308 575 hujus
319 508 413 571 generis
423 507 504 555 literas
514 509 623 568 mittam3
640 509 683 557 sed
694 519 773 558 temen
784 527 832 558 non
843 527 939 574 porcam
951 529 1037 577 operae.

541 619 587 669 *8.
606 621 783 670 Licet-modo.

147 705 259 766 Propert.
267 701 284 749 l.
299 706 324 750 2·
334 698 366 750 el.
377 703 419 748 28.
430 715 453 746 r.
464 702 504 747 81.
521 699 573 748 ista
583 715 653 748 senes
670 700 725 750 licet
740 709 853 751 accusent
863 703 972 752 convivia
987 704 1054 754 duri:
1074 707 1129 756 Nos
1142 709 1206 758 modo

114 769 270 835 propositum,
281 765 339 819 rita,
350 772 453 812 teramus
463 764 517 811 iter.

486 881 512 926 4.
528 873 596 928 Licet
608 879 715 927 absolute
724 880 835 942 positum.

147 963 217 1011 Licet
224 957 353 1023 sepissime
365 956 473 1021 absolute
491 957 596 1019 ponitur,
607 966 633 1005 et
651 959 723 1006 servit
737 961 893 1011 concessioni.
928 962 980 1010 cte.
990 962 1007 1009 l.
1019 967 1060 1012 lt.
1072 963 1129 1014 Att.
1137 980 1174 1028 ep.
1183 971 1206 1016 l·

115 1026 164 1076 Sed
181 1025 260 1073 omnia
275 1024 333 1071 licet
348 1029 497 1084 concurrant,
509 1021 565 1070 idus
577 1022 673 1070 Martie
685 1025 844 1072 consolantur.
867 1027 908 1075 bul
921 1028 1036 1087 although
1046 1030 1083 1076 all
1092 1029 1147 1078 tlsot
1156 1045 1206 1094 croy

114 1085 492 1143 oeeurotouce,1stillderico
509 1087 660 1144 consolation,
677 1091 717 1150 arc.
746 1089 785 1137 Id.
800 1088 916 1138 deAraic.
933 1094 1005 1138 cio.
1032 1091 1166 1140 Nouenirn
1181 1101 1205 1141 tu

158 1149 657 1264 lqlfflittili⁰i.⁶¹3il²⁵t.⁰trit
671 1152 1205 1275 ‘'¹⁰'.“i¹¹⁰lti⁸lllliimiti‘ltt‘*

144 1231 279 1268 romucso
577 1231 590 1262 c
682 1231 777 1264 oure.
973 1235 1079 1268 .e..
1161 1236 1206 1268 rum

112 1290 256 1346 presentem
271 1277 333 1340 fregi
348 1228 375 1324 iu
394 1228 491 1333 Seneytu,
513 1228 567 1325 ἔξω
583 1231 688 1326 orationis
708 1288 831 1342 perpetus,
853 1282 989 1344 plenissima
1002 1235 1137 1344 gravitatis,
1160 1291 1206 1332 turs

112 1346 267 1394 altercatione
274 1340 396 1406 ejusmodi,
407 1355 439 1388 ex
449 1355 498 1403 qua
507 1340 564 1389 licet
575 1358 651 1405 pauca
662 1343 783 1406 degustes.
806 1345 835 1404 os
840 1347 916 1395 solsicls
927 1363 972 1411 you
982 1363 1036 1410 osup
1047 1353 1111 1396 toste
1121 1365 1137 1398 u
1148 1349 1207 1398 tistts

114 1407 318 1475 buwoyot'triol.
353 1405 418 1455 tat.
430 1409 453 1452 5.
471 1404 607 1469 Ars.ep.1.
630 1405 677 1453 Vel
695 1407 742 1469 ipsi
757 1410 802 1456 hoc
819 1409 883 1458 dicas
899 1411 963 1465 licet,
987 1411 1161 1460 humanitatem
1176 1413 1206 1468 ei,

114 1471 278 1538 meoiudicio,
300 1470 344 1517 illo
362 1468 401 1516 die
420 1468 534 1516 defuisse.
558 1485 605 1533 you
619 1486 673 1534 may
691 1474 733 1521 tell
750 1473 771 1522 it
791 1477 816 1520 tc
831 1474 926 1533 herceis,
944 1476 995 1525 tlrct
1011 1477 1038 1523 irs
1057 1491 1096 1539 my
1114 1477 1206 1540 opinion

112 1541 155 1589 stre
170 1540 213 1586 did
228 1541 270 1586 not
286 1534 370 1583 beboce
387 1534 449 1582 scell.
481 1532 519 1582 ld.
537 1533 588 1582 l.2.
603 1533 704 1596 Attep.
717 1541 756 1585 10.
782 1535 886 1586 Proinde
904 1539 942 1585 isti
957 1540 1015 1587 licet
1032 1539 1131 1596 iaciant,
1149 1555 1206 1603 quos

112 1604 204 1666 solent,
214 1599 333 1649 consules.
350 1598 382 1646 let
397 1597 460 1646 tlssm
470 1596 551 1646 olscose
565 1613 593 1646 os
603 1601 694 1648 consuls
706 1602 861 1650 wbomsoeeer
878 1603 933 1665 tlrey
952 1603 1038 1666 plesse.
1068 1603 1108 1652 ld.
1118 1605 1137 1652 l.
1147 1609 1170 1654 8.
1180 1607 1206 1654 de

115 1666 177 1728 Leg.
195 1682 216 1714 c.
235 1668 275 1713 10.
290 1662 381 1711 Pieres
397 1659 455 1708 duos
477 1659 599 1709 Gracchos
614 1663 722 1725 quamvis
737 1680 862 1718 enumeres
883 1667 971 1714 multos
991 1668 1057 1723 licet,
1075 1683 1133 1728 cum
1153 1668 1207 1716 deni

55 1739 59 1746 '
113 1737 266 1788 crearentur;
282 1727 360 1773 nullos
371 1724 396 1771 in
405 1724 471 1772 omui
480 1725 593 1772 memoria
602 1727 709 1789 reperies
717 1728 864 1791 perniciosos
874 1730 991 1779 tribunos.
1003 1747 1048 1794 you
1057 1733 1143 1781 sbould
1151 1746 1205 1781 crsa-

114 1799 204 1845 mute
212 1809 239 1842 os
248 1805 319 1853 maa
329 1804 357 1838 os
370 1803 417 1850 you
429 1789 515 1851 plesse.
542 1790 581 1839 to.
591 1792 620 1838 de
630 1791 719 1852 Arusp.
730 1807 791 1854 resp.
802 1807 824 1840 c.
835 1797 860 1842 9.
877 1793 955 1850 Quam
965 1795 1076 1842 volumus
1094 1794 1161 1851 licet,
1176 1795 1204 1844 Ρ.

113 1859 153 1914 C„
163 1859 211 1919 ipsi
220 1870 265 1904 nos
273 1866 386 1907 amemus,
401 1859 481 1899 tamen
491 1868 536 1900 nec
548 1867 646 1901 numero
656 1854 785 1917 Hispanos,
800 1871 846 1904 nec
857 1856 940 1905 robore
951 1857 1046 1914 Gallos,
1065 1859 1108 1906 sed
1118 1859 1206 1922 pietate

113 1929 139 1969 et
152 1920 268 1983 religione
278 1915 449 1979 superavimus.
464 1917 517 1964 lsoro
527 1917 596 1963 mucls
605 1932 685 1966 sooner
695 1934 731 1966 ros
741 1934 795 1980 moy
804 1920 832 1967 be
840 1922 938 1970 denoted
950 1929 974 1971 lc
984 1923 1099 1985 sels-lone,
1107 1928 1158 1985 yet,
1166 1927 1206 1988 ξι.

145 1984 180 2032 D.
193 1986 222 2033 P.
234 1983 273 2031 Sic
284 1979 407 2028 etlicebs't.
435 1979 485 2027 Cic.
504 1981 533 2027 de
551 1980 646 2030 Iacent.
663 1981 796 2043 Sequemur
815 1983 985 2046 Her-magorum
1002 1986 1094 2035 licebit.
1111 1989 1129 2035 i.
1145 2003 1166 2036 s.
1185 1987 1205 2036 si

112 2047 236 2160 gacetsti
252 2045 367 2097 rideatur,
380 2049 407 2089 ut
417 2042 517 2104 exponit
528 2043 632 2092 Scironis
647 2045 673 2090 in
688 2046 777 2106 plrrasi,
794 2053 819 2093 et
835 2048 886 2111 ejus
897 2049 1036 2111 compilator
1046 2050 1173 2113 Scioppius
1182 2050 1206 2098 in

139 2113 214 2160 lesere.
225 2110 299 2171 Ling.
313 2107 371 2156 Lot.
383 2105 454 2153 Plura
464 2107 575 2170 exempla
584 2107 610 2153 in
622 2108 749 2157 Hadriano
760 2125 860 2172 quaeres‚
877 2111 967 2159 licebit.
1000 2114 1095 2170 Quibus
1111 2121 1138 2160 et
1147 2113 1205 2166 illud

111 2175 168 2224 addi
181 2181 262 2237 potest
272 2171 372 2221 Horatii
383 2171 400 2218 l.
407 2176 433 2215 et
442 2175 488 2217 sot.
496 2173 521 2217 2.
532 2185 554 2215 r.
566 2174 606 2218 ⁶9.
639 2172 667 2217 ln
678 2172 764 2232 quibus
771 2174 881 2221 omnibus
891 2175 982 2238 ellipsis
990 2185 1026 2224 cst
1036 2177 1160 2240 particulae
1170 2183 1205 2228 sl.

111 2240 183 2288 Patet
199 2244 279 2285 autem
293 2235 319 2281 in
334 2234 371 2280 his
385 2233 501 2289 formulis,
518 2233 573 2281 lieet
592 2248 620 2280 ac
636 2235 724 2291 licebit,
737 2237 832 2284 verbum
843 2238 922 2301 potius
936 2253 1000 2303 esse,
1016 2255 1090 2302 quam
1107 2240 1204 2305 conjun-

110 2304 223 2354 ctionem.
254 2298 313 2348 Vid.
326 2298 422 2346 Goelea.
433 2297 450 2343 l.
460 2299 486 2344 2.
499 2297 576 2359 probi.
590 2297 724 2349 crement.
736 2314 758 2347 c.
768 2303 809 2349 28.

330 2413 356 2459 5.
372 2408 441 2457 Licet
452 2422 496 2470 per
505 2423 552 2465 ms,
562 2408 617 2458 licet
625 2423 669 2471 per
680 2415 714 2469 tc,
726 2411 781 2461 licet
790 2427 833 2475 per
849 2415 917 2464 illum
927 2423 976 2464 cet.

142 2495 212 2556 Sceps
228 2488 395 2554 adjiciturpsr
410 2501 455 2563 mc,
470 2500 513 2563 pet*
529 2491 562 2563 te³
576 2501 619 2550 per
630 2489 697 2537 illum
712 2498 738 2537 et
753 2491 800 2538 alia
811 2492 934 2555 ejusmodi.
968 2495 1020 2544 cie.
1030 2496 1048 2543 l.
1061 2500 1086 2547 2.
1096 2497 1174 2547 deod·
1184 2513 1204 2546 c.

109 2565 152 2610 29.
169 2559 217 2606 Per
227 2570 264 2603 me
278 2554 316 2600 rel
327 2558 412 2600 stertas
422 2552 489 2612 lucet,
498 2557 576 2612 ruqmt
587 2552 730 2610 Carneades,
745 2570 793 2602 uon
806 2558 877 2606 modo
887 2561 1004 2621 quiescas.
1020 2576 1047 2609 os
1058 2563 1105 2621 sor
1115 2578 1144 2611 os
1152 2577 1203 2610 ooa-

187 2617 630 2741 reuersurum
638 2619 725 2730 ..tt
811 2622 973 2738 ituree
990 2625 1086 2738 Pur
1097 2627 1204 2740 :ult

108 2694 318 2816 brriilrdbiniucrisio
328 2745 381 2792 vult
396 2758 458 2798 esse,
478 2743 499 2790 si
512 2758 609 2805 perros
623 2745 689 2793 licet.
708 2698 762 2795 Tyer.
776 2746 878 2812 Adelpls.
891 2757 913 2800 1.
924 2758 947 2801 2.
964 2704 1202 2810 {summumst}

109 2831 174 2866 esses
184 2817 264 2870 bomo,
275 2811 364 2859 sinemo
378 2823 441 2856 nunc
452 2807 539 2864 iecere,
555 2807 614 2856 dum
630 2825 673 2873 per
684 2817 778 2859 aetetern
788 2812 854 2861 licet.

516 2926 540 2972 6.
556 2924 627 2974 Licet
637 2939 680 2988 pro
690 2926 791 2975 etiamsi.

139 3009 317 3067 Nonnunquam
326 3001 430 3065 licetpro
437 3001 757 3069 etiamsirideturiusurpari.
792 3007 1066 3073 Ciaproltoscrlmic.
1080 3013 1119 3058 11.
1137 3009 1202 3058 Licet

109 3074 214 3134 undique
224 3083 306 3117 omnes
321 3074 421 3114 terrores
437 3066 589 3128 periculaque
604 3069 758 3131 impendeant
768 3072 855 3127 omnia,
872 3086 1003 3119 succurram
1020 3080 1093 3135 atque
1110 3075 1202 3123 subibo.

108 3138 146 3186 iri.
155 3141 208 3199 post
220 3135 280 3182 rset.
290 3132 316 3179 irs
332 3132 389 3179 Seu.
400 3146 422 3177 c.
433 3134 458 3180 3.
474 3130 542 3177 Licet
551 3144 636 3194 corpus
653 3134 748 3181 abesset
766 3149 855 3190 meum,
874 3136 979 3197 dignitas
990 3135 1041 3198 jour
1057 3138 1083 3185 in
1103 3140 1201 3202 patriam

107 3204 245 3248 reverteret.
261 3195 374 3255 autrougtr
392 3193 469 3242 iscus
482 3200 526 3243 rtet
535 3195 601 3243 tlrere
608 3199 750 3259 personolly.
768 3199 799 3246 V.
811 3214 835 3245 n.
848 3204 870 3248 1.

222 3350 231 3369 ‚
297 3298 301 3306 ’
397 3309 421 3353 t.
437 3306 507 3355 Licet
516 3322 570 3352 cum
580 3306 705 3365 infinitivo,
716 3323 760 3371 pro
769 3325 896 3372 possumus.
904 3311 925 3345 ¹³

139 3391 209 3440 Alias
225 3385 317 3436 infinito
328 3385 399 3432 modo
405 3385 513 3450 junctum
528 3395 656 3449 usurpatur
675 3404 717 3451 pro
731 3405 862 3453 pommus,
897 3392 977 3441 0541·
988 3396 1012 3440 1·
1024 3396 1053 3442 de
1064 3393 1148 3458 Offic·
1159 3398 1198 3446 η

106 3457 177 3508 Licet
185 3469 226 3502 ora
241 3453 296 3514 ipsa
311 3464 405 3498 comere
420 3449 543 3498 iratorum.
560 3451 614 3499 lcols
631 3454 685 3515 only
702 3459 728 3502 ot
738 3455 778 3503 tlte
785 3454 843 3513 soce
860 3455 890 3514 cs
901 3471 932 3505 crs
950 3471 1026 3518 cngry
1041 3473 1136 3520 persora
1162 3461 1200 3508 ts.

105 3525 124 3572 l.
135 3527 159 3570 1.
168 3523 197 3570 de
205 3517 290 3568 Dicin.
301 3532 322 3564 c.
333 3519 357 3563 7.
375 3512 458 3560 Mirari
467 3513 532 3570 licet,
543 3531 596 3578 quoe
605 3515 655 3563 sint
663 3518 828 3566 animadversa
838 3533 853 3565 a
862 3520 960 3567 medicis
969 3521 1092 3568 herbarum
1103 3537 1198 3586 genem,

105 3590 127 3636 tt
144 3589 192 3635 iso
207 3587 294 3631 matter
310 3581 339 3635 cf
351 3577 528 3627 assentaneus.
562 3579 601 3628 to.
617 3580 677 3629 ibid.
689 3597 711 3629 c.
721 3587 762 3631 41.
779 3582 847 3630 Licet
861 3585 943 3631 videre
957 3584 1067 3633 nationes
1087 3586 1199 3650 quasdem

107 3651 164 3702 huic
176 3645 300 3698 sententiae
311 3642 414 3691 deditus.

582 3724 732 3774 Admonitio.

140 3810 224 3860 Cicero
233 3823 276 3871 pro
284 3805 363 3855 sitim
371 3809 415 3859 est,
426 3805 559 3866 intelligere
567 3810 611 3861 est,
623 3819 676 3867 quae
684 3803 783 3869 poetica
793 3815 834 3856 aut
843 3806 955 3858 historica
965 3819 1027 3867 sunt,
1039 3810 1119 3859 dicere
1130 3811 1199 3869 solet,

106 3876 186 3923 nidere
203 3874 266 3929 licet,
278 3869 412 3930 inlelligere
423 3868 486 3917 lieet.

130 4107 161 4145 ¹¹³
176 4106 276 4154 Etimnsi
285 4123 340 4155 cum
346 4105 496 4170 conjunctivo
504 4119 567 4167 saepe
578 4105 633 4154 licet
640 4109 735 4170 ponitur
741 4124 783 4172 pro
790 4124 893 4172 possum.
910 4112 1027 4178 Exempla
1036 4128 1069 4162 ex
1077 4113 1203 4179 superiore

106 4171 269 4222 observatione
282 4174 305 4218 2.
313 4175 367 4218 eta
382 4171 450 4220 Verr.
462 4185 482 4216 c.
494 4172 534 4217 58.
544 4177 608 4232 pete.
806 4190 810 4195 ·
