2670 4636
116 272 242 347 eriora]
316 295 318 298 ’
460 273 515 332 DE
547 271 786 332 PARTICULIS
818 281 875 333 ete.
1149 271 1243 328 303.

345 392 465 484 a'Prope
475 421 616 481 estfactum.
650 421 722 471 Nihil
732 421 827 484 propium
836 421 979 480 estfactum.

148 497 205 547 Lio.
218 497 235 549 l.
252 502 293 547 26.
312 515 335 546 c.
352 503 392 549 21.
418 501 465 549 Ubi
487 503 585 549 allatum
603 508 641 548 est
657 503 736 548 hostes
754 501 897 560 adventare3
914 516 988 564 prope
1006 506 1044 547 est
1063 499 1161 560 iactum,
1179 507 1206 547 ut

112 562 205 627 injussu
223 565 337 626 praetoris,
349 565 421 628 signis
435 566 553 613 convulsis
564 567 589 612 in
600 567 675 613 aciem
691 567 789 613 exirent.
808 567 861 629 tdep
873 581 934 614 were
944 579 1000 628 very
1011 578 1069 614 near
1077 564 1217 626 snatcding'

113 642 147 690 ap
158 629 221 676 tireir
236 632 363 678 stuudurds
376 632 423 678 aad
440 632 564 689 murciuiug
579 636 620 679 out
631 637 654 678 to
669 631 742 678 battle
755 631 855 679 without
870 632 909 680 me
928 630 1036 679 Pretor'o
1046 632 1134 679 orders.
1153 630 1205 678 Cic.
1279 676 1282 683 ,

114 693 132 738 l.
145 696 169 740 1.
180 693 228 748 Qu.
241 694 285 742 Fr.
297 710 333 757 ep.
345 698 369 741 2.
395 695 512 742 Gabinius
523 696 630 756 priratus
640 696 781 757 Pompeium
793 696 933 742 dictatorern
943 695 1088 757 appellavit:
1109 695 1209 756 propius

112 756 175 803 nihil
186 767 222 804 ost
236 759 334 812 factum.
346 775 415 821 quam
428 769 454 806 ut
465 761 620 808 occideretur.
637 761 665 808 ite
676 775 725 808 was
736 760 818 807 uitato
829 777 844 808 u
854 762 916 808 laerte
926 760 954 821 os
962 762 1038 820 lusiag
1048 761 1086 808 trie
1097 759 1147 818 life.
1166 761 1205 808 Id.

114 826 129 868 6
141 822 211 869 Verr.
219 838 241 870 c.
253 828 292 872 36.
308 824 360 871 Nee
372 825 496 886 quicquam
506 826 601 887 propius
612 833 648 870 est
658 825 833 886 factum‚quam
843 824 935 871 utillud
946 824 1058 873 Uticense
1069 824 1204 888 exemplum

114 885 145 933 de
156 885 280 935 Hadriano
289 889 452 937 transferretur
461 889 596 954 Syracusas.
629 890 668 937 Id.
675 905 718 952 pro
731 891 823 937 Ciueut.
836 905 857 936 c.
865 894 904 937 21.

479 991 504 1034 9.
523 987 600 1049 Prope
611 989 687 1042 adest,
698 991 726 1034 ut
737 987 775 1034 vei
785 1003 846 1035 curm.

148 1064 230 1126 Prope
239 1067 314 1123 adest,
325 1081 371 1114 aaa
383 1070 451 1128 louge
459 1068 533 1116 adest.
549 1069 632 1116 Pluut.
644 1069 699 1116 Aur.
711 1071 734 1115 2.
745 1071 768 1116 3.
785 1068 977 1130 Probrumatque
988 1069 1122 1131 turpitudo,
1130 1083 1204 1131 prope
1287 1114 1288 1118 ,

94 1154 97 1158 -
113 1127 192 1184 adest,
207 1137 232 1175 ot
249 1128 291 1175 fiat
299 1133 386 1191 patum.
402 1134 425 1181 is
440 1147 469 1180 oa
482 1134 521 1182 tie
529 1133 596 1195 point
607 1131 635 1190 of
643 1133 714 1194 being
729 1133 851 1195 publisded
861 1134 957 1181 abroud.
993 1135 1047 1182 Ter.
1057 1134 1135 1182 Andr.
1150 1138 1171 1182 1.
1184 1137 1207 1179 l.

112 1192 193 1307 Pap?
202 1193 285 1320 ³adest,
302 1210 357 1242 cum
371 1195 449 1242 alieno
465 1212 528 1245 more
541 1197 664 1244 vivendum
678 1205 715 1244 est
728 1197 797 1247 mihi.
816 1199 854 1246 rte
864 1199 920 1246 timue
930 1197 1009 1257 issast
1021 1198 1131 1260 drawing
1140 1211 1207 1257 arar,

111 1274 135 1306 w
183 1292 191 1314 ,
222 1275 243 1308 c.

527 1361 567 1406 10.
584 1359 688 1420 Propius
700 1359 788 1406 ubsrum.

148 1437 253 1499 Propius
263 1432 344 1486 uirium
353 1439 416 1486 idem
426 1447 464 1486 est
477 1439 627 1502 quodminus
637 1440 801 1500 tougeadsum.
823 1439 874 1487 Cic.
883 1440 913 1487 de
924 1439 1016 1488 Seueri.
1028 1455 1049 1487 c.
1061 1442 1101 1487 21.
1134 1440 1205 1497 Quod

113 1515 145 1547 eo
157 1503 238 1549 melius
250 1518 344 1550 cernere
356 1504 414 1550 mibi
423 1505 515 1559 videor,
533 1506 596 1566 quod
613 1504 642 1551 ab
657 1519 686 1551 ea
700 1503 802 1567 (morte)
817 1503 915 1567 propius
931 1504 1021 1551 absum.
1037 1504 1132 1552 because
1143 1507 1206 1553 Iam

112 1575 173 1615 near
183 1568 212 1615 it.
245 1570 285 1617 Id.
294 1568 349 1617 Art.
359 1569 376 1615 l.
384 1574 452 1631 etrp.
464 1574 486 1616 l.
504 1569 621 1625 Quoniam
632 1570 727 1632 propius
742 1570 808 1616 abes.
841 1567 852 1591 ⁸
864 1567 922 1614 Add
933 1569 948 1614 l.
959 1573 982 1617 8.
991 1583 1027 1632 ep.
1036 1571 1076 1617 12.

433 1666 500 1715 *11.
517 1667 622 1730 Propius
637 1666 730 1722 mutate,
749 1682 805 1712 cum
815 1681 894 1714 accus.

146 1743 202 1792 utu.
213 1745 231 1793 1.
242 1750 266 1794 d.
278 1762 300 1794 c.
311 1749 351 1794 17.
367 1745 470 1808 Propius
481 1756 519 1794 est
530 1747 610 1802 sideni,
622 1747 735 1808 obstringi
749 1745 899 1793 Fidenatium
911 1747 1035 1808 populum,
1046 1761 1077 1794 ne
1087 1747 1204 1808 respicere

112 1823 182 1922 {pan
194 1809 269 1857 ullam
280 1811 310 1858 ab
322 1809 438 1858 Romanis
447 1819 529 1875 posset
539 1812 686 1860 conscientia
696 1811 758 1859 tanti
769 1811 872 1866 sceleris,
887 1811 997 1859 voluisse.
1012 1813 1032 1860 it
1043 1814 1066 1861 ia
1081 1827 1204 1875 murepro·

168 1890 189 1923 e.

771 1949 776 1956 x

503 1974 674 2038 (Propiuspro
685 1971 783 2034 treugis.)
1186 2032 1194 2051 .

150 2051 227 2101 Tacit.
242 2052 328 2116 Agric.
345 2070 366 2102 c.
378 2058 416 2102 16.
445 2054 547 2118 Propius
559 2069 600 2101 eos
612 2054 717 2116 agitabat
728 2054 805 2102 timor.
822 2053 853 2101 V.
864 2053 900 2100 ibi
911 2054 1010 2104 Ernesti
1019 2061 1108 2102 notam.

463 2155 502 2199 12.
520 2152 634 2200 Proxime
642 2166 697 2198 cum
714 2151 857 2199 accusativo.

148 2229 264 2279 Proxime
280 2232 339 2278 item
354 2238 382 2278 ut
392 2246 471 2294 prope,
482 2246 511 2278 ex
522 2245 568 2292 quo
582 2231 671 2278 factum
687 2238 732 2285 est,
749 2232 875 2278 accusandi
892 2247 974 2279 casum
991 2232 1108 2279 interdum
1126 2232 1207 2282 habet.

112 2293 160 2342 Cic
171 2295 187 2340 Ι.
198 2299 221 2341 6.
233 2295 301 2343 Fam.
312 2312 348 2358 ep.
358 2301 383 2344 2.
403 2296 465 2343 Cum
477 2297 579 2358 proxime
589 2295 689 2342 Romam
696 2297 790 2344 venisti.
808 2297 874 2344 wien
884 2313 929 2360 you
940 2300 1053 2346 mereiast
1060 2303 1086 2346 ut
1097 2298 1180 2347 Rome.
1189 2300 1208 2331 ¹⁸

111 2359 155 2406 lu.
168 2362 199 2406 10
214 2360 321 2424 Pttttpp.
338 2378 359 2408 c.
375 2364 411 2408 11.
438 2361 527 2407 Brutus
543 2375 637 2422 operam
657 2358 706 2416 det,
725 2369 752 2407 ut
769 2377 825 2408 cunr
841 2364 889 2408 suis
905 2362 980 2424 copiis
1004 2377 1074 2424 quam
1098 2365 1206 2424 proxima

110 2421 210 2470 Italiam
222 2426 260 2471 sit.
278 2428 304 2474 te
315 2442 342 2473 us
356 2441 414 2474 tuear
426 2428 490 2488 Italy
505 2441 532 2474 aa
540 2426 649 2488 possible.
680 2425 695 2454 ⁴*
706 2425 773 2472 Ado.
784 2426 800 2472 l.
813 2429 851 2472 12.
863 2427 932 2474 Fam.
949 2443 984 2488 ep.
997 2430 1035 2474 13.
1051 2428 1120 2476 Piia.
1132 2429 1149 2474 1.
1166 2432 1205 2476 17.

110 2503 134 2534 c.
145 2490 186 2535 23.
197 2490 265 2551 (Cic.
275 2506 317 2553 pru
328 2492 385 2538 Mil.
397 2507 418 2537 c.
430 2496 470 2540 22.
481 2491 591 2537 Proxime
604 2491 679 2536 Deos.
691 2491 734 2538 Fr.
751 2491 778 2537 iu
789 2491 842 2538 Pis.
858 2491 970 2538 Proxime
987 2491 1136 2552 Pompeium.
1151 2493 1206 2541 Lio.
1230 2541 1233 2546 ,

111 2551 131 2598 1.
145 2556 185 2600 39.
197 2568 218 2600 c.
230 2558 270 2601 10.
287 2555 344 2601 Erat
354 2570 392 2601 res
402 2557 508 2617 proxime
523 2555 626 2618 speciem
643 2557 842 2616 oppugnantium.
852 2555 886 2603 V.
896 2557 1019 2605 Drakenb.
1036 2558 1067 2605 ad
1083 2557 1137 2607 Lio·
1152 2558 1169 2604 Ι.
1180 2560 1204 2604 2.

111 2620 186 2666 etl.
201 2620 252 2667 etl.
264 2623 305 2667 21.
317 2635 338 2668 c.
350 2626 373 2669 1.
394 2621 440 2668 Sit.
452 2621 509 2669 Ital.
520 2620 537 2666 l.
550 2625 605 2669 l.v.
618 2619 669 2681 13.)

428 2716 442 2745 ⁴*
451 2720 490 2764 13.
509 2717 624 2774 Proxime
635 2723 749 2778 sequente
760 2731 862 2778 praepos.
873 2733 896 2764 u.

110 2797 238 2910 cfoimii
251 2796 267 2844 Ι.
281 2801 303 2910 l⁷
313 2813 334 2844 c.
345 2801 369 2844 6.
397 2798 488 2845 Omnes
497 2813 569 2859 quam
579 2798 684 2861 proxime
696 2798 756 2844 alter
766 2797 796 2844 ab
806 2799 881 2844 alteru
891 2795 980 2843 debent
990 2796 1105 2844 habitare.
1138 2797 1204 2845 Add.

135 2875 177 2908 es.
199 2896 204 2909 .
233 2877 272 2908 .c.
302 2895 308 2906 .

486 2964 525 3008 14.
543 2959 658 3008 Proxime
668 2974 710 3020 pro
721 2959 832 3007 umrime.

145 3037 270 3087 Interdum
280 3048 407 3102 usurpatur
418 3056 460 3101 pro
471 3041 581 3088 maxime.
616 3041 668 3087 Cic.
683 3040 699 3085 l.
718 3041 758 3086 11.
771 3039 840 3091 Fam.
851 3054 888 3100 ep.
900 3041 941 3086 21.
957 3038 1006 3086 Sed
1014 3039 1086 3086 veiim
1095 3040 1140 3087 tibi
1150 3055 1206 3103 per·

111 3103 222 3160 suadeas,
241 3121 280 3153 me
300 3107 356 3153 huic
377 3112 424 3151 tuae
440 3104 522 3152 virtuti
541 3104 649 3167 proxime
672 3099 926 3164 accedere'upprouct
946 3105 1094 3168 uer¹yaeuriy
1115 3110 1147 3152 tu.
1164 3108 1204 3154 Ia.

108 3165 128 3214 2
145 3169 215 3216 Verr.
226 3185 247 3217 c.
259 3175 283 3218 3.
301 3170 433 3218 Siculorum
444 3185 474 3216 eu
488 3169 564 3216 virtus
580 3179 626 3224 est,
643 3178 669 3216 ut
687 3168 794 3230 proxime
812 3168 843 3214 ad
857 3177 961 3215 nostram
973 3169 1125 3230 disciplinam
1137 3171 1204 3218 illam

110 3241 226 3290 veterem,
235 3250 284 3282 non
292 3236 362 3289 hanc,
373 3251 426 3298 quae
434 3251 497 3283 nunc
505 3234 632 3290 increbuit,
642 3234 765 3280 videantur
775 3236 897 3280 accedere.
915 3241 939 3282 to
946 3236 1049 3294 aurifrrrm
1056 3250 1112 3299 arry
1124 3239 1205 3300 nearly

109 3303 145 3346 to.
247 3340 250 3345 ⁴

146 3362 226 3411 *an
237 3365 366 3414 reierilia:
385 3364 440 3412 Lio.
454 3365 470 3410 1.
480 3368 520 3412 21.
537 3379 559 3410 c.
570 3366 610 3411 68.
628 3362 745 3410 Statorius
761 3378 793 3409 ex
810 3364 882 3410 malta
895 3363 1022 3427 juventute
1040 3363 1091 3425 regi
1112 3359 1207 3427 pedites

111 3429 273 3491 conscripsit:
290 3431 469 3490 ordinatosque,
489 3428 596 3490 proxime
609 3443 696 3474 morem
711 3429 848 3474 Romanum
858 3428 996 3475 instruendo
1015 3437 1039 3474 et
1049 3431 1217 3484 decurrendo.
1281 3452 1284 3463 .

109 3493 178 3556 signa
190 3496 258 3556 sequi
268 3503 294 3541 et
304 3510 396 3542 servare
408 3493 503 3542 ordines
514 3492 603 3539 docuit.
636 3493 675 3540 id.
686 3493 702 3538 l.
714 3497 753 3540 30.
764 3510 786 3539 c.
798 3496 838 3540 10.
854 3493 913 3539 Erat
924 3509 962 3539 res
975 3493 1068 3539 minime
1080 3495 1205 3541 certamini

110 3559 192 3606 navali
209 3560 303 3615 siruilis,
321 3559 427 3622 proxime
448 3558 551 3621 speciem
573 3571 652 3602 muros
671 3559 858 3618 oppugnantium
872 3557 976 3604 nuvium.
1009 3557 1099 3620 (Immo
1121 3558 1206 3604 melius

109 3623 243 3672 referantur
253 3625 283 3671 ad
293 3641 318 3671 n.
331 3625 384 3687 12.)
631 3641 634 3646 ·

475 3725 514 3768 15.
533 3719 646 3768 Proxime
657 3733 699 3779 pro
710 3703 851 3778 propediem.

73 3802 76 3807 '
144 3801 262 3853 Proxime
273 3803 345 3850 etiam
356 3803 386 3850 de
397 3802 475 3849 futuro
486 3810 592 3863 tompore
603 3813 666 3860 saepe
677 3796 773 3844 dicitur.

360 3916 374 3945 ⁴*
388 3920 426 3964 16.
444 3915 557 3963 Proxime
567 3929 610 3976 pro
622 3911 754 3967 nouissime,
766 3918 807 3958 aut
817 3911 899 3959 ultimo
910 3912 967 3958 ioco.

142 3997 216 4045 Alias
229 4013 272 4060 pro
286 3999 421 4059 nuperrime
432 4005 473 4042 aut
486 3996 568 4043 ultimo
579 3996 637 4043 meo.
673 3993 724 4040 Cic.
734 3997 750 4041 2
762 3991 829 4040 Prae.
839 4007 861 4039 c.
873 3998 897 4040 5.
920 3987 1032 4038 Proxime
1048 3997 1085 4036 est
1093 3999 1206 4044 mortuns.

109 4064 167 4112 died
178 4065 261 4127 Iutely.
295 4063 334 4111 ld.
345 4064 363 4109 l.
374 4065 397 4110 2.
408 4063 437 4110 de
449 4062 510 4109 Nat.
522 4062 580 4110 D-c.
591 4063 632 4108 23.
654 4057 737 4104 Fidem
755 4065 779 4103 et
791 4066 892 4104 mentem
912 4056 936 4102 in
947 4054 1066 4115 Capitolio
1083 4055 1206 4106 dedicatas

109 4128 347 4192 ridemusproxime
364 4127 474 4173 aMarco
493 4125 602 4176 AEmitio.
637 4123 676 4170 Id.
691 4122 823 4172 l.5.Fam.
839 4137 875 4185 ep.
893 4123 932 4169 15.
956 4119 985 4166 In
1000 4119 1030 4165 iis
1049 4120 1131 4178 literis,
1148 4139 1217 4185 quas·
1284 4146 1293 4158 κ

346 4335 366 4365 ¹³
380 4335 435 4382 Hoc
446 4335 587 4398 exemplum
605 4335 683 4386 etiam
692 4334 766 4387 aliter
775 4331 991 4402 putsstiniaii'rai·
