2670 4636
98 196 297 276 rursusne]
457 197 513 262 DE
546 194 790 257 PARTICULIS
828 204 885 256 ete.
1162 195 1201 254 3³

93 349 160 391 serto
169 359 252 395 oneres
261 345 397 396 Admodum
411 350 437 394 st
447 346 515 396 Perre
525 359 605 396 omnes
614 342 740 408 opponit¹
763 343 793 390 Iu
805 340 890 390 ceteris
899 340 1031 405 plerisque,
1042 340 1062 389 sl
1074 341 1200 391 admodum

94 422 140 471 per
149 410 247 461 omuino
257 425 371 475 expones,
381 410 442 459 nihil
453 410 550 474 feeerit,
560 409 650 473 quode
661 414 739 457 mente
750 407 860 457 Sutrium
871 406 1004 455 abhorrent.

369 518 374 528 ²
423 506 473 558 ⁶4.
482 508 618 558 Admodum
637 507 664 556 in
684 504 886 570 responsionibus.

127 583 266 637 Admodum
281 594 382 636 utuntur
396 587 490 638 Comici
503 589 530 636 in
545 586 735 652 responsionibus
744 587 774 635 nd
785 585 939 650 questiones.
956 583 1047 648 (Immo
1058 595 1140 632 omnes
1149 594 1207 631 serr

93 664 168 698 mons
182 666 210 700 ne
224 653 320 717 dialogo
333 654 474 711 scribentes,
489 662 518 703 ut
531 669 626 718 suproe
640 654 753 703 Cicerone
763 651 896 712 vidimus.)
914 652 999 700 Plaot.
1012 651 1118 698 Rudent.
1130 653 1154 697 4.
1173 652 1199 697 4.

94 714 196 780 Nempe
213 724 240 766 tu
256 719 398 776 benedicis,
416 734 487 782 quum
503 735 556 767 esse
575 719 655 767 aiebas
667 718 758 766 dudum
768 718 906 781 popularem
918 715 1013 763 meum?
1037 715 1123 763 Tmolo
1144 711 1198 761 Ad-

93 779 201 831 modum.
236 783 292 834 Ter.
304 784 397 848 Hecpr.
408 788 433 834 ³.
444 788 468 832 6.
490 783 600 836 Advenis
611 783 698 832 modo?
716 784 764 832 Pu.
775 781 912 830 admodum.
930 782 971 831 Id.
983 780 1083 829 Pborm.
1095 782 1119 829 2.
1131 780 1156 825 2.

542 931 655 983 CAPUT
686 929 747 979 XII.

132 1024 197 1086 ‘Dr
210 1026 349 1088 adverbio
362 1028 542 1088 Anvunsus
555 1029 570 1061 ⁶
581 1039 610 1089 et
620 1026 850 1108 praepositiom,
865 1033 901 1086 ut
915 1025 1005 1104 vulgo
1019 1023 1144 1084 dieitur.

125 1135 141 1166 ⁶
151 1139 165 1201 ς
177 1137 199 1185 Ι.
209 1137 351 1188 Anvnusus
362 1142 402 1189 vel
412 1143 546 1198 adeersum,
560 1158 588 1190 ex
603 1144 635 1192 dd
647 1149 673 1189 et
688 1157 769 1191 versus
779 1140 945 1203 compositum,
955 1136 1088 1199 significare
1098 1134 1195 1182 videtur

90 1203 188 1265 proprie
199 1202 272 1262 idem,
288 1205 353 1268 quod
362 1221 451 1263 versus,
468 1207 507 1254 vel
517 1213 608 1256 contru-
643 1208 725 1256 Coesor
735 1207 769 1256 Β.
784 1207 816 1254 G.
828 1207 844 1254 l.
857 1209 881 1252 2.
893 1219 915 1251 c.
927 1207 950 1251 8.
961 1204 974 1266 §
986 1205 1010 1249 3.
1028 1200 1054 1247 Is
1065 1201 1141 1255 collis,
1154 1199 1196 1247 ubl

88 1274 168 1314 castm
179 1269 259 1330 posite
269 1277 346 1325 erent,
367 1276 462 1319 tentum
484 1271 596 1319 adversus
614 1270 641 1318 iu
658 1270 809 1320 latitudinem
825 1269 932 1332 patebat,
944 1273 1060 1331 quantum
1071 1264 1116 1312 loci
1129 1264 1194 1312 scies

88 1330 212 1380 instructu
226 1348 344 1397 occupare
362 1343 465 1397 poteret.
484 1338 523 1385 tbe
540 1338 585 1386 bill
595 1352 645 1386 rous
655 1352 683 1386 as
694 1337 807 1386 troaden
817 1335 857 1384 tlte
867 1336 919 1383 side
930 1332 1019 1394 furring
1029 1346 1065 1378 m.
1102 1328 1192 1392 (Aliud

89 1395 142 1458 egit
158 1396 236 1446 bouus
247 1399 419 1458 Scbwomzirm
430 1408 472 1449 sut
481 1401 517 1449 ira
527 1401 554 1449 in
565 1403 729 1451 Fuceiolotum
737 1407 871 1450 occoeoetus
877 1415 926 1447 non
932 1397 1002 1454 vidit,
1012 1397 1125 1446 odiremur
1136 1395 1160 1445 b.
1173 1395 1192 1447 1.

89 1476 145 1510 esse
156 1461 309 1526 adjectivum,
325 1465 389 1529 quod
398 1465 514 1515 referetur
525 1465 557 1514 ud
567 1466 655 1530 collis.)

385 1562 425 1628 ⁶§
436 1563 472 1612 11.
494 1567 517 1612 1.
529 1563 570 1612 De
589 1562 757 1628 praepositione
778 1563 899 1612 adversus.

121 1636 248 1690 Adversus
264 1641 402 1715 praepositio
417 1642 504 1692 itidem
523 1645 643 1708 significat
651 1658 733 1694 versut
743 1643 782 1689 vel
793 1658 806 1691 e
817 1642 922 1704 regione.
943 1639 995 1689 Cic.
1007 1639 1095 1707 l·l·*de
1105 1637 1190 1688 Diem·

87 1708 161 1753 c.45.
178 1703 230 1753 Aru
239 1703 289 1769 AJo
296 1706 407 1770 loquenti
417 1707 528 1756 adversus
539 1725 595 1756 eum
606 1709 685 1756 locum
696 1713 833 1756 consecratu
844 1712 891 1753 est.
920 1705 1004 1754 Caeeor
1013 1704 1030 1752 l.
1043 1706 1066 1751 1.
1079 1704 1112 1752 B.
1126 1703 1155 1750 0.
1167 1718 1190 1752 c.

88 1771 153 1833 46.§
165 1772 190 1818 1.
206 1768 301 1835 Nostri,
311 1772 398 1835 gladiis
416 1772 539 1829 districtis,
549 1772 668 1836 impetum
686 1772 797 1820 adversus
809 1777 916 1820 montem
925 1769 952 1818 in
969 1770 1079 1818 cobortes
1089 1767 1190 1816 fuciunt.

87 1832 145 1884 Lie.
155 1834 174 1886 L
185 1839 226 1885 45.
238 1851 261 1886 c.
271 1839 295 1885 7.
312 1843 338 1884 et
348 1837 365 1888 1.
377 1839 417 1887 14.
429 1854 451 1887 c.
460 1842 500 1886 10.
513 1840 597 1888 Celsus
608 1840 625 1886 1.
637 1842 661 1886 8.
674 1853 696 1886 c.
707 1841 732 1887 6.

552 1935 568 1966 ⁶
578 1934 729 1985 Admonitio.

118 2010 267 2063 Audiendus
281 2014 358 2079 igitur
365 2015 492 2067 Cborieim
498 2017 516 2065 1.
523 2020 548 2068 2.
560 2033 586 2080 p.
593 2021 652 2066 207.
668 2015 901 2080 Contrn(t'rrquiem)
914 2021 940 2063 et
950 2012 1062 2062 adversus
1073 2012 1107 2060 itu
1118 2009 1189 2059 diffe-

84 2087 151 2134 runt,
163 2079 322 2142 quodoontru
331 2080 461 2137 ndlocum,
472 2089 595 2130 utcontra
615 2082 754 2138 Basilicum,
768 2081 885 2130 adversus
902 2080 934 2128 ed
952 2079 1026 2128 animi
1049 2085 1149 2135 motum,
1162 2085 1190 2125 ut

85 2141 204 2192 adversus
213 2143 282 2193 illum
292 2145 363 2195 facio.
379 2145 508 2195 Interdum
518 2154 601 2196 autem
611 2147 747 2211 promiscue
759 2146 884 2210 accipitur.
1185 2167 1187 2170 ·

492 2243 508 2274 ⁶
525 2249 549 2294 2.
559 2243 684 2294 Adversus
693 2259 736 2308 pro
747 2245 788 2293 ad.

117 2319 207 2370 Lier'trr
217 2321 235 2369 1.
244 2327 269 2372 4.
279 2338 301 2372 c.
314 2326 354 2372 10.
371 2322 497 2373 Adversus
513 2340 543 2373 ee
553 2327 645 2381 consul,
656 2324 725 2373 victis
737 2323 888 2374 conditiones
898 2320 1050 2387 accipiendas
1065 2337 1128 2378 esse,
1138 2336 1187 2369 nou

84 2383 204 2443 ferendus,
221 2388 353 2452 respondit.
373 2394 398 2438 to
409 2390 458 2439 tm
470 2392 511 2441 tlte
524 2392 614 2440 Consul
623 2391 722 2454 replied·
1205 2404 1208 2411 '

485 2492 510 2537 o.
520 2487 644 2539 Aduersus
659 2504 703 2552 pro
723 2503 791 2551 ergo.

96 2581 101 2589 ·
115 2561 243 2613 Adversus
251 2562 316 2614 idem
327 2573 372 2624 est,
384 2568 447 2630 quod
459 2584 525 2630 erge.
551 2569 605 2618 Neo
616 2568 693 2617 solum
700 2569 821 2619 inmalam
827 2573 925 2631 partem
931 2566 1056 2630 recipitur,
1066 2566 1110 2613 sed
1121 2582 1186 2630 saepe

83 2627 158 2677 etism
168 2629 195 2677 in
204 2630 301 2679 bonum.
320 2632 373 2682 Cir.
384 2632 402 2679 1.
413 2637 436 2681 1.
447 2635 475 2682 de
486 2636 548 2684 Not.
563 2635 639 2683 Deor.
650 2651 672 2682 c.
684 2639 726 2684 41.
744 2634 825 2682 Pietas
836 2640 872 2681 est
878 2633 973 2696 justitia
982 2631 1096 2679 adversus
1109 2631 1187 2681 Deos.

84 2695 313 2757 towm‘dethegodet
330 2696 371 2746 Id.
381 2697 399 2743 l.
404 2701 428 2748 1.
437 2699 466 2747 de
475 2698 527 2763 Off.
536 2713 557 2747 c.
563 2702 604 2748 28.
615 2697 762 2746 Adhibenda
768 2706 805 2745 est
812 2696 944 2746 reverentie
951 2696 1060 2760 quaedmu
1072 2695 1187 2745 adversus

82 2757 202 2808 homines
226 2759 266 2810 Id.
283 2761 299 2811 l.
312 2763 335 2810 Β.
354 2763 424 2810 Fam.
436 2777 474 2826 ep.
485 2763 529 2812 ult.
547 2763 679 2813 Censorem
690 2764 774 2828 tejam
784 2778 838 2810 esse
850 2763 988 2825 sperabam:
1007 2775 1036 2809 eo
1048 2760 1141 2808 brevior
1150 2768 1188 2808 est

82 2822 143 2936 hercl
145 2823 257 2886 epistole,
269 2833 294 2873 et
304 2832 332 2873 ut
342 2824 469 2876 adversum
485 2828 623 2890 magistrum
633 2842 725 2876 morum
735 2827 872 2875 modestior.
904 2824 920 2855 ⁶
931 2825 997 2873 Add.
1016 2827 1055 2875 Id.
1066 2827 1098 2873 ud
1109 2827 1184 2875 Brut.

183 2973 208 3018 4.
218 2968 341 3020 Aduersus
350 2986 394 3035 pro
404 2978 501 3031 summm·
518 2973 624 3035 against,
635 2974 662 3022 ιἰι
674 2972 807 3037 opposilim
825 2978 858 3036 to,
875 2973 902 3021 ir
920 2972 960 3020 tlte
974 2971 1031 3031 fuce
1051 2969 1085 3031 of,

482 3044 507 3087 to
525 3039 616 3087 tbmart
627 3053 654 3086 or
668 3037 780 3102 gaiorum

114 3111 243 3161 Interdum
253 3129 298 3178 pro
316 3120 399 3167 contra
415 3124 549 3181 usurpatur.
585 3118 637 3168 Cio.
650 3124 665 3168 t
682 3118 751 3169 Vere.
764 3135 786 3167 c.
798 3121 840 3167 84.
851 3114 937 3165 Utrum
952 3115 997 3163 tibi
1007 3116 1115 3179 pecuniae
1126 3133 1185 3166 con·

81 3175 171 3226 ciliane
185 3178 299 3228 videntur
309 3181 436 3230 adversm
446 3183 521 3246 leges,
532 3184 660 3231 adversum
673 3181 857 3246 rempublicam?
870 3197 963 3230 unvero
974 3180 1002 3228 id
1012 3188 1078 3230 recte
1093 3180 1186 3230 factum

80 3256 134 3290 esse
152 3243 284 3293 defendes?
306 3246 346 3294 le.
356 3246 413 3296 Aet.
425 3247 442 3295 1.
453 3255 478 3295 et
489 3264 525 3312 ep.
538 3252 578 3297 14.
595 3248 669 3306 Quod
685 3248 706 3295 si
720 3248 838 3297 duriorem
854 3254 879 3294 te
894 3246 946 3310 ejus
965 3246 1067 3294 miseriae
1083 3249 1186 3309 praebes,

80 3322 132 3355 nnn
141 3308 341 3373 contendumego
349 3311 463 3359 adversus
473 3318 508 3362 te.
522 3313 618 3366 Terent.
630 3311 722 3363 Heaot.
733 3319 757 3363 4.
770 3319 793 3362 l.
815 3312 904 3360 Hoste
921 3326 971 3368 oro,
989 3326 1019 3360 ne
1031 3311 1089 3376 quid
1101 3312 1185 3360 credes

81 3376 121 3423 mo
133 3372 248 3422 adversus
260 3373 366 3423 edictum
376 3382 445 3424 tuum
456 3376 535 3426 facere
546 3392 599 3426 esse
611 3392 706 3426 nusum.
738 3378 754 3407 ⁶
766 3378 806 3428 Id.
817 3378 917 3427 Pborm.
927 3379 951 3424 2.
964 3381 988 3427 3.

400 3471 416 3503 ⁶
426 3472 550 3524 Adsertor
561 3475 591 3523 de
603 3477 739 3524 morborum
749 3474 872 3524 remediis.
938 3498 940 3503 >

93 3570 97 3577 ·
114 3551 202 3602 Celeus
212 3552 230 3601 l.
241 3555 266 3600 b.
278 3568 301 3603 n.
312 3557 353 3603 26.
370 3560 448 3604 ruent.
460 3559 516 3606 odo.
526 3557 591 3606 vulo.
601 3555 654 3620 inst.
682 3555 715 3604 Et
732 3556 848 3605 adversus
865 3552 1028 3618 profusionem
1040 3553 1138 3618 quidem
1155 3554 1183 3603 iu

114 3731 122 3762 ¹
137 3731 228 3779 Omnes
243 3731 368 3780 udmsodum
387 3738 444 3780 sunt
462 3732 599 3796 omnesqui
610 3733 746 3781 admodum
759 3732 922 3796 requiruntur,
933 3731 978 3780 hoc
994 3736 1040 3784 est,
1056 3730 1184 3793 dequibus

79 3809 151 3844 nemo
166 3794 324 3844 desideratur.
354 3795 405 3843 His
413 3811 472 3860 perte
483 3813 562 3847 ommes
571 3799 697 3847 commode
706 3797 797 3861 opponi
806 3814 875 3861 posse
885 3797 1006 3844 videntur.
1035 3795 1186 3848 Faeniomm

81 3859 308 3924 interpretationem
320 3861 442 3911 Titonmr'i
450 3864 551 3925 probare
568 3880 593 3913 se
610 3864 679 3913 dicit.
717 3865 749 3911 Et
760 3872 841 3912 tamen
850 3864 974 3912 admodum
985 3874 1027 3922 per
1037 3861 1131 3911 omnimo
1141 3877 1184 3910 ex·

80 3925 166 3988 plicari
177 3925 240 3973 vult.
275 3926 358 3982 Quum
371 3927 511 3977 Thomusius
521 3931 601 3977 locum
611 3930 682 3976 illum
696 3929 806 3978 Saluiam
823 3929 859 3975 ito
870 3927 984 3980 declaret,
1000 3936 1029 3971 ut
1039 3940 1122 3973 sonum
1135 3943 1184 3976 me-

82 3989 118 4051 gin
127 4005 203 4054 quam
214 3996 306 4038 certem
321 3992 396 4040 ullam
414 3993 613 4055 significationem
624 3994 749 4058 quaesitum
759 3999 838 4058 putet.
865 3990 929 4039 Vide
942 4004 1006 4053 ergo,
1017 3989 1101 4047 lector,
1112 4008 1184 4054 quam

81 4055 161 4104 melus
170 4056 288 4119 interpres
299 4056 333 4105 sit
343 4058 504 4108 Foceiolutue.
520 4059 589 4123 (Hoc
600 4058 698 4124 quidem
717 4065 756 4106 est
773 4057 886 4119 argutari.
918 4056 951 4103 Et
966 4062 1048 4120 potest
1057 4059 1122 4120 apud
1133 4057 1185 4105 Sul-

80 4119 179 4168 visuum
193 4123 320 4171 admodum
329 4122 436 4186 positum
445 4139 508 4186 esse,
518 4124 580 4188 greti
589 4125 642 4174 soni
652 4138 732 4180 cause,
740 4124 808 4170 nullo
819 4128 884 4170 certo
894 4136 975 4178 sensu,
987 4129 1013 4168 et
1024 4122 1081 4170 olibi
1090 4123 1185 4171 omnmo

82 4184 229 4249 §guium
258 4186 300 4236 Sic
313 4187 395 4244 Graeci
408 4187 438 4238 rb
455 4189 493 4248 δὴ,
505 4189 571 4251 quod
586 4190 641 4239 huic
657 4189 730 4238 verbo
742 4188 793 4235 fere
803 4186 943 4249 respondet,
953 4186 1026 4236 modo
1034 4193 1100 4236 certo
1112 4201 1184 4235 sensu

82 4257 186 4314 ponunt,
197 4251 268 4302 modo
277 4257 536 4318 παραπληρωματικῶι,
548 4253 680 4319 presertim
689 4267 739 4302 non
749 4251 946 4317 elegantissimi.)

146 4341 218 4391 diere.
