2670 4636
178 264 241 325 000
505 257 680 322 ΗΟΒΑΤΙΙ
707 257 952 323 nutantum
1107 269 1289 346 [temnant

378 413 404 458 tl.
423 407 541 458 Tomeros
556 406 726 470 interrogantis
736 414 762 457 et
773 407 891 472 urgentis,
900 416 957 472 poet
966 409 1039 474 pald?
1054 411 1086 461 ei.

213 491 331 541 fustem
339 487 507 552 interrogando
518 488 601 538 instat.
628 490 706 538 ems
721 488 791 539 Vm.
801 504 824 538 o.
836 492 861 541 8.
878 489 965 546 Quid?
980 491 1043 540 oieb
1053 491 1192 557 Apollonio
1200 492 1289 560 aliquid

180 558 331 605 commissum
339 562 385 608 eet,
395 554 548 619 quamobrem
557 553 613 618 jure
624 554 649 601 in
663 569 721 603 enm
732 553 970 613 animadverteretur,
983 565 1097 606 tamenne
1106 560 1174 608 hanc
1189 574 1240 609 rm
1254 558 1287 611 eie

178 635 288 686 mmor,
303 628 330 668 ot
347 621 440 668 crimini
457 626 499 669 aot
518 618 617 667 invidia
634 633 678 667 reo
694 628 806 682 putemus
822 635 877 668 esee
895 632 1014 686 oportere,
1031 623 1055 671 si
1070 638 1121 687 quo
1140 624 1174 675 de
1193 625 1286 674 bomine

178 687 285 736 severim
295 685 414 749 judicarit
424 684 432 732 ?
449 685 512 734 tirell
521 699 558 734 roc
568 684 685 743 therefore
696 689 760 733 111111
770 686 811 733 tte
821 691 909 735 mutter
918 692 961 735 ror
977 687 1046 736 Idem
1052 702 1099 751 pru
1113 690 1204 746 Quint.
1214 704 1237 738 e.
1246 694 1286 740 21.

179 750 272 801 Verum
288 760 378 807 tamen,
393 749 469 812 quid?
494 750 523 805 ei,
534 749 621 812 inquit,
640 750 714 797 lrabes
728 749 845 812 ejusmodi
860 765 964 806 crunni,
975 759 1003 801 ut
1014 753 1061 801 bec
1076 753 1123 801 tibi
1139 756 1241 818 planum
1255 758 1287 804 ἁ

178 816 331 865 faciendum:
349 816 566 874 menecratem,
579 823 606 862 ut
614 813 690 877 possis
701 817 839 865 lraccontra
848 813 1004 864 Hortensium
1010 820 1178 868 contendere?
1196 820 1236 869 Id.
1245 836 1286 883 pro

179 883 252 932 Dora.
264 898 285 930 c.
299 885 337 930 19.
354 879 439 938 Quid?
456 879 477 926 si
488 879 597 941 pluribus
612 880 643 926 de
658 880 728 927 rebus
742 895 791 927 uno
802 879 886 928 sortitu
899 881 1023 931 retulisti?
1039 891 1157 932 tamenne
1168 885 1284 933 arbitraria

178 946 205 995 ld
226 954 252 996 te
274 961 343 1010 poree
364 944 491 993 obtinere?
526 944 879 994 lr.1.1.reNat.D.c.ae.
904 945 1026 995 Temenos
1046 947 1095 996 ieta
1112 958 1163 997 tum
1185 948 1284 999 wurdt

176 1009 310 1061 defendes?
328 1011 378 1060 mill
388 1025 434 1074 you
445 1009 502 1059 11111
512 1009 598 1067 desem
607 1010 666 1058 auct
675 1008 856 1058 obmrdiliesna
866 1010 948 1060 thecel

210 1077 226 1110 1
239 1081 279 1128 10.
297 1077 385 1125 Tamen
396 1077 470 1122 etiam
482 1075 557 1121 solum
569 1088 634 1135 sepe
645 1074 813 1135 interrogando
822 1075 906 1124 instat.
942 1076 992 1125 Cic.
1001 1091 1044 1140 pro
1055 1078 1131 1129 Rrec.
1143 1077 1202 1129 Ara.
1210 1095 1232 1128 e.
1244 1084 1282 1130 19.

175 1141 244 1200 Quid
254 1157 310 1205 ergo
320 1142 370 1216 est}
388 1140 422 1186 ita
432 1147 512 1186 tamen
523 1147 628 1202 quastus
645 1148 669 1186 te
687 1140 801 1216 cupidum
817 1154 870 1187 essa
886 1143 1019 1202 oportebat,
1035 1150 1062 1191 ut
1077 1145 1159 1208 legem
1176 1145 1281 1192 Memmi·

176 1203 727 1331 111111111111181111ἓά11111181611111111111111
736 1205 1281 1337 mystagosc’diieddaddenqldiseienbbwodddiisbdd

173 1337 284 1387 desertae
298 1336 389 1402 potios,
400 1349 471 1399 quam
485 1335 515 1382 ab
527 1342 552 1382 te
570 1333 684 1383 defensos
701 1348 755 1382 esse
772 1335 882 1382 malunt?
897 1342 979 1384 temen
990 1336 1140 1402 bieoperam
1156 1339 1281 1407 tnampel-

175 1402 297 1452 licebere?

609 1496 642 1529 '¹‘
655 1502 694 1548 11.
713 1498 743 1548 St
761 1503 849 1550 tomen.

209 1582 242 1633 St
253 1587 340 1637 tentet,
354 1579 383 1640 if
391 1578 485 1636 indeed,
503 1578 647 1628 correctioni
665 1581 747 1628 servit.
782 1582 918 1630 0111111.
930 1580 1045 1633 metet
1057 1585 1099 1634 tl.
1115 1581 1193 1633 Nono
1206 1582 1279 1632 ineer-

175 1653 271 1697 tectum
279 1645 364 1711 populi
373 1645 484 1708 pervenit
497 1644 522 1691 in
532 1644 581 1702 ord,
593 1644 624 1692 In
632 1645 717 1710 populi
724 1645 851 1710 quicquam
861 1646 882 1696 ei
891 1656 972 1694 tamen
982 1662 1023 1697 ore
1031 1663 1113 1697 meum
1123 1656 1174 1699 eet.
1198 1648 1280 1701 leue.

176 1712 227 1762 11.
241 1726 264 1773 ρ.
275 1716 332 1762 902.
364 1708 585 1773 ‘LegeenpraSa

209 1777 242 1810 ’¹
254 1781 296 1826 la.
311 1775 391 1824 Adina
402 1775 457 1823 huic
468 1783 507 1822 est
515 1774 563 1822 aiei
574 1778 661 1831 tomen.
673 1789 729 1822 narn
739 1781 764 1823 et
775 1774 854 1839 lpeom
864 1777 891 1825 in
901 1776 1047 1828 correctione
1057 1776 1196 1827 adhibetur.
1213 1778 1280 1830 Pte

177 1842 272 1905 Poacg.
289 1857 312 1889 c.
326 1845 369 1890 91.
395 1840 509 1888 Ullamne
521 1839 567 1886 tibi
579 1853 622 1903 pro
631 1840 755 1888 beneficiio
772 1841 859 1890 reterre
870 1843 970 1906 gratiam
986 1858 1071 1909 parem
1080 1858 1220 1909 posennus,
1232 1841 1280 1893 nid

174 1912 257 1956 umen
266 1906 342 1963 illem,
355 1913 382 1952 ut
389 1919 483 1967 semper
489 1918 537 1951 nos
547 1905 725 1953 meminerimus
737 1907 849 1954 eonsules
857 1907 953 1958 luisse?
983 1910 1036 1959 Cic.
1045 1908 1062 1955 1.
1070 1911 1098 1957 e.
1108 1908 1181 1959 Fam.
1192 1924 1229 1972 ep·
1239 1912 1279 1959 11.

175 1971 247 2021 Circa
256 1987 295 2019 me
304 1977 398 2018 tantum
406 1969 553 2032 benignitate
563 1969 639 2018 nimia
649 1969 746 2017 modum
754 1972 865 2028 excessit,
875 1973 923 2020 nisi
932 1974 999 2038 quod
1007 1983 1086 2021 tamen
1093 1973 1179 2022 Poetis
1186 1973 1280 2022 mentio

172 2037 240 2087 licet.
273 2037 337 2086 idid.
349 2036 365 2082 l.
376 2041 402 2086 8.
410 2050 448 2100 ep.
459 2038 500 2085 11.
515 2035 647 2083 Purvulum
654 2034 743 2091 differt,
750 2036 849 2099 patiaris
857 2037 1143 2104 adversmanorpeetee:
1161 2037 1280 2101 nisiquod

174 2111 254 2151 umen
272 2101 370 2149 dolendi
383 2103 486 2160 modue3
504 2116 553 2147 noo
570 2113 608 2148 eet
617 2100 727 2149 timendi.
761 2101 811 2151 Ubi
822 2102 859 2151 cl.
872 2103 998 2155 Buclrrrerc
1011 2103 1132 2167 particula
1148 2109 1225 2153 trem
1240 2102 1279 2150 in·

174 2175 240 2219 serta
255 2167 357 2224 ridetur,
366 2165 442 2229 magis
451 2172 480 2212 ut
490 2165 623 2213 abundaret
633 2181 661 2213 ac
672 2167 787 2230 expleret,
798 2182 871 2231 quam
881 2176 908 2216 ut
918 2166 1010 2237 aliquid
1020 2166 1135 2221 efficeret.

565 2264 622 2327 (la.
638 2265 726 2314 Tamen
741 2280 784 2327 pro
794 2268 886 2315 11111111.

208 2347 261 2397 cte.
274 2362 318 2412 pro
337 2346 409 2395 Roec.
425 2342 482 2394 Am.
498 2360 521 2393 c.
531 2348 557 2393 9.
574 2343 683 2402 Quodsi
702 2353 744 2393 aut
756 2360 830 2394 causa
843 2345 959 2402 criminis,
977 2352 1020 2394 aut
1037 2345 1096 2396 iacti
1108 2345 1225 2411 euspicio,
1239 2354 1280 2397 aut

172 2413 287 2477 quelibet
301 2412 404 2474 denique
423 2411 464 2458 vel
478 2410 578 2457 minima
597 2425 633 2457 res
653 2411 790 2474 reperietur,
807 2413 959 2476 quamobrem
975 2412 1102 2461 rideantur
1115 2412 1153 2461 illi
1172 2412 1280 2460 nonnihil

173 2486 254 2528 umen
266 2475 430 2526 indelercndo
440 2475 535 2524 nemine
546 2474 631 2523 secuti.
1268 2486 1271 2491 ·

592 2567 632 2612 11.
649 2562 764 2618 Quemvis
775 2567 864 2613 tameo.

204 2647 331 2696 Interdum
347 2646 419 2694 etiam
429 2646 512 2693 statim
521 2645 552 2692 ab
563 2644 632 2692 initio
643 2658 696 2692 curn
707 2645 826 2707 particula
834 2647 943 2708 quumvis
951 2646 1049 2710 ponitur
1059 2661 1075 2694 a
1084 2644 1181 2710 poetis:
1206 2645 1279 2694 011111.

173 2715 405 2767 Μο1.1.2.1.182.
428 2711 544 2769 Quamvis
562 2719 643 2759 minen
663 2709 748 2758 oderat
765 2710 840 2766 illam,
862 2711 962 2760 'l'alibus
981 2713 1063 2760 adlata
1081 2720 1128 2760 ert.
1144 2710 1187 2758 Sic
1207 2711 1279 2760 etiam

172 2776 365 2840 0111111111...
375 2786 526 2842 preponunt.
558 2775 700 2838 Exemplum
716 2782 754 2823 est
761 2775 826 2838 apud
836 2777 975 2840 Lycurgum
989 2778 1016 2825 in
1030 2777 1103 2826 Orat.
1114 2779 1129 2840 t
1140 2779 1185 2826 te.

444 2877 485 2922 111.
503 2873 591 2922 Teates
601 2872 726 2935 eleganter
734 2869 886 2936 precedente
897 2873 1000 2936 quidem.

202 2956 269 3009 Illud
284 2963 363 3005 autern
380 2954 481 3018 elegans
496 2959 541 3009 est,
559 2967 614 3000 cum
633 2960 690 3016 post
706 2953 799 3016 quidem
815 2953 920 3017 ponitur,
931 2954 974 3003 aad
988 2952 1111 3005 incudem
1122 2956 1242 3018 membro,
1252 2963 1279 3005 nt

170 3022 198 3072 in
213 3024 260 3072 hoc
271 3022 340 3072 Plio.
351 3020 416 3070 Part.
428 3034 450 3067 c.
462 3023 502 3067 ³1.
528 3016 687 3080 superbiebat
703 3025 805 3064 ventosa
818 3027 844 3066 et
855 3019 964 3078 ¹insolens
979 3020 1053 3077 natio,
1074 3021 1150 3084 quod,
1165 3023 1279 3082 rictorem

171 3088 268 3152 quidem
287 3087 412 3151 populum,
429 3092 539 3148 pasceret
557 3090 645 3132 tamen.
679 3081 744 3130 Add.
755 3083 812 3131 Lio.
822 3083 839 3132 l.
851 3088 875 3133 2.
887 3100 910 3133 c.
920 3088 962 3134 24.
990 3092 1015 3132 et
1025 3086 1062 3134 ibi
1072 3087 1157 3137 Drek.
1167 3086 1227 3136 adl.
1238 3088 1277 3136 tt.

167 3168 191 3205 c.
202 3156 243 3202 tl.
253 3151 313 3216 etc.)

608 3274 721 3326 CAPUT
749 3275 848 3330 CCLX.

490 3394 540 3455 De
562 3393 774 3472 Corrjanctr'oae
794 3393 956 3457 Tartarei.

202 3535 228 3583 1.
242 3528 368 3579 Tartarei·
377 3525 441 3576 idem
456 3524 570 3580 declarat,
579 3523 643 3588 quod
653 3524 708 3574 etei.
740 3522 827 3588 Itaque
838 3524 952 3575 adsciscit
962 3529 1051 3574 tumea.
1086 3524 1140 3574 cte.
1150 3526 1170 3574 1.
1181 3529 1207 3575 9.
1218 3524 1273 3577 Ait.

169 3611 206 3661 cp.
216 3600 242 3645 9.
264 3592 371 3643 Tametsi
382 3591 458 3659 jactat
475 3590 517 3639 ille
535 3589 631 3652 quidem
647 3588 709 3638 illud
728 3606 797 3638 ouum
814 3591 952 3639 arbitrium:
969 3598 1053 3639 tamen
1069 3589 1145 3639 habet
1163 3591 1275 3653 quiddam

169 3661 287 3726 prolecto,
299 3659 362 3723 quod
372 3655 447 3720 magis
455 3655 480 3702 in
488 3654 567 3702 animo
577 3654 627 3720 ejus
637 3655 763 3703 insederit.
785 3656 823 3706 ld.
837 3656 853 3704 l.
865 3660 889 3705 3.
900 3656 970 3716 Ferit.
982 3670 1018 3718 ep·
1030 3659 1055 3708 t.
1072 3654 1162 3704 Meum
1171 3657 1274 3707 etodium

169 3734 263 3789 ergata
276 3732 301 3773 et
317 3723 419 3772 odicium
438 3721 533 3769 tametsi
551 3721 633 3767 multis
639 3719 691 3784 jam
708 3721 777 3768 rebus
788 3735 858 3783 spero
875 3720 921 3768 tibi
933 3734 988 3769 esee
1006 3719 1141 3784 cognitum,
1159 3721 1274 3770 tamenin

169 3792 208 3840 bis
217 3792 322 3839 maxime
332 3787 465 3838 declarabo.
499 3789 513 3815 ¹
524 3785 590 3834 Add.
600 3787 618 3833 1.
629 3791 652 3834 1.
664 3787 734 3836 Fam.
745 3801 780 3850 ep.
791 3792 817 3836 5.

443 3886 462 3951 '⁴'
473 3889 499 3934 2.
517 3884 621 3933 Tenteter'
630 3885 681 3932 ced.
714 3883 893 3932 Tometat—ced
902 3888 992 3932 tomen.

202 3971 282 4019 ciel.
294 3974 333 4019 10.
347 3971 415 4020 Fora.
432 3983 468 4030 ep.
480 3969 520 4014 33.
543 3963 648 4012 Tametsi
660 3971 747 4012 tantam
763 3963 922 4012 calamitatem
936 3962 1075 4026 reipublicae
1095 3978 1168 4027 quam
1187 3962 1272 4013 tardis·

167 4036 228 4087 eime
245 4035 325 4083 audire
336 4034 468 4098 optandum
485 4037 536 4079 est:
554 4030 598 4079 sed
606 4029 663 4086 illie,
679 4030 720 4093 qui
730 4030 843 4094 prodesse
863 4030 925 4077 nihil
934 4037 1044 4093 possunt,
1061 4045 1159 4094 nequeo
1173 4028 1273 4078 mederi.

170 4100 222 4150 Cic.
231 4100 248 4147 1.
259 4105 283 4150 2.
294 4101 364 4150 Fam.
375 4115 412 4160 ep.
423 4103 448 4146 7.
470 4096 578 4143 Tametsi
588 4095 635 4143 hoc
646 4094 742 4142 minime.
753 4096 797 4142 tibi
808 4095 892 4142 deest:
910 4095 954 4143 sed
965 4102 1045 4150 tamen
1058 4095 1165 4146 efficeret
1180 4095 1271 4163 magni·

166 4165 226 4216 tude
236 4172 262 4214 et
275 4165 409 4213 ricemeris
424 4161 479 4218 mei,
489 4160 590 4212 coneilio
599 4167 624 4207 te
635 4167 663 4207 ut
671 4174 768 4221 possem
775 4160 869 4223 jurare.
921 4204 924 4211 ,

575 4259 626 4311 *1.
642 4260 871 4311 ‘lomere-oerum
897 4295 900 4298 -
934 4304 937 4309 .

179 4353 274 4408 Pare.
287 4351 369 4405 'Prot
389 4345 520 4414 Amphitr.
540 4326 566 4394 o.
574 4346 619 4395 21.
651 4339 821 4402 'lametdpro
832 4333 1098 4400 emmeramensem
1111 4334 1285 4390 maruha,
