2670 4636
66 242 148 320 nc]
424 243 479 304 DE
508 241 826 306 Psuu1cuulset0.
1106 251 1165 309 217

65 408 143 459 cil.
158 407 247 457 Nonne
266 409 297 458 sd
314 413 340 456 te
354 407 479 464 Lentulus,
490 424 539 458 non
553 408 642 470 Sanga,
658 419 706 455 uin
721 407 864 471 Torquatus,
880 421 930 455 non
949 406 1063 457 Lucullus
1079 408 1170 458 reniti

66 471 137 521 ldl.
152 478 178 520 6.
196 473 265 522 stae.
282 489 305 522 e.
318 476 360 522 21.
376 472 442 530 Quid
458 473 559 521 bestia?
575 487 654 520 nonne
673 471 758 534 frigus,
774 486 823 518 non
840 472 937 529 laniem,
955 487 1003 520 non
1018 472 1166 536 montivagos

65 543 141 597 atque
151 536 272 585 silvestres
286 552 367 586 eunus
384 538 583 601 lustrationesque
597 535 736 599 psuuntur?
757 550 837 584 nonne
849 551 892 599 pro
907 551 950 584 suo
961 544 1031 601 pantu
1042 537 1077 586 ita
1089 537 1165 602 depu-

65 608 152 663 gnant,
161 611 188 649 ut
197 603 297 650 vulnera
303 601 443 666 excipiant?
459 607 476 652 6
491 603 560 654 Verr.
571 617 594 650 o.
604 603 646 650 68.

501 759 616 811 CAPUT
643 758 744 809 CXLV.

89 884 372 963 Decorjurrotione
393 883 463 943 Nnc
488 890 517 942 et
534 883 673 949 Ninum
694 889 724 941 et
746 879 905 941 Adseritur
928 880 1146 947 Nucusousns

489 970 519 1022 et
533 963 752 1027 Naunrousu.

442 1090 457 1153 §
474 1088 496 1138 1.
513 1088 561 1138 ·1.
580 1090 641 1150 Nec,
651 1104 696 1152 pro
706 1093 730 1138 et
740 1103 795 1138 nou.

102 1167 162 1217 Nnc
172 1167 246 1215 terrae
255 1150 328 1218 estet
342 1183 398 1217 uon.
432 1170 483 1218 Cir.
500 1168 517 1216 l.
532 1172 556 1217 8.
566 1168 622 1219 Au.
636 1184 671 1232 ep.
691 1172 730 1219 17.
754 1167 794 1216 De
807 1167 897 1225 Quinto
914 1169 984 1217 fratre
1004 1168 1086 1218 nuncii
1100 1169 1170 1218 nobis

67 1233 158 1295 tristes,
166 1248 217 1281 nec,
224 1232 289 1289 varii,
300 1240 415 1280 venerant
426 1240 522 1281 exurite
532 1233 595 1281 diem
615 1233 737 1280 Nonarum
753 1233 813 1289 Jun.
823 1247 897 1296 usque
908 1234 938 1281 ad
949 1231 1026 1296 pridie
1037 1233 1091 1283 Cal.
1101 1234 1169 1299 Sept.

68 1299 109 1348 ld.
121 1299 198 1346 Brut.
208 1313 231 1346 c.
241 1301 282 1347 76.
302 1299 393 1346 Colum
403 1299 421 1345 l.
431 1301 456 1346 2.
464 1313 486 1346 c.
497 1301 537 1346 11.
547 1299 597 1345 etl.
608 1303 633 1346 6.
643 1314 664 1346 c.
675 1303 699 1347 7.

389 1408 437 1458 ’2.
455 1410 518 1466 Νεο,
526 1424 569 1472 pro
578 1406 619 1459 aed
630 1425 686 1471 son,
697 1415 775 1458 tumea
784 1423 838 1458 aon.
934 1440 937 1445 ·

105 1488 160 1537 cte.
169 1487 188 1537 l.
196 1491 221 1536 9.
232 1488 306 1538 Fam.
312 1503 349 1551 ep.
359 1492 385 1537 2.
402 1488 542 1552 conscripsi
553 1489 677 1552 epistolam
687 1495 769 1544 noctu,
779 1503 825 1535 nec
836 1486 878 1535 ille
893 1485 924 1534 ad
933 1499 973 1533 ms
987 1488 1068 1537 rediit.
1084 1491 1124 1540 bat
1140 1490 1169 1541 ke

69 1551 115 1601 did
133 1558 177 1602 sm
195 1557 288 1601 retum.
323 1554 364 1601 Id.
382 1554 400 1600 l.
414 1556 438 1602 2.
456 1556 486 1602 de
507 1554 579 1602 Orat.
600 1569 622 1601 c.
639 1558 680 1602 68.
697 1553 816 1616 Opimius,
837 1551 879 1613 qui
899 1549 1088 1602 adolescentulus
1109 1555 1170 1605 male

69 1615 185 1672 audisset,
203 1616 291 1664 festivo
310 1617 400 1664 homini
421 1616 509 1679 Egilio,
531 1617 573 1677 qui
590 1617 710 1664 videretur
729 1631 781 1663 esse
803 1616 905 1677 mollior,
925 1629 971 1663 nec
995 1624 1070 1681 esset,
1090 1619 1167 1667 dixit:

71 1681 139 1738 Quid
151 1678 267 1742 tullgilia
276 1680 347 1728 mea?
386 1680 467 1744 Nepos
476 1680 571 1742 riguit.
581 1697 603 1730 c.
616 1686 638 1730 1.
652 1681 706 1731 Lio.
718 1681 736 1729 l.
746 1685 771 1730 4.
783 1695 806 1729 c.
816 1683 856 1729 86.
866 1688 891 1726 et
901 1680 917 1726 l.
929 1682 954 1729 8.
966 1695 987 1728 c.
995 1685 1021 1729 d.

509 1797 533 1840 8.
553 1792 611 1848 Nec,
622 1807 666 1856 pro
676 1806 730 1840 noa.

105 1869 161 1920 Nea
176 1885 241 1935 seps
250 1877 377 1935 usurpatur
385 1886 428 1935 pro
437 1885 493 1920 sos.
528 1871 581 1920 Cic.
589 1887 634 1934 pro
647 1873 732 1928 Quint.
742 1887 765 1920 c.
775 1874 800 1919 d.
810 1869 873 1927 ¹Quo
884 1878 982 1927 mortuo,
991 1885 1037 1921 nec
1050 1872 1086 1921 ita
1096 1875 1170 1924 multe

70 1934 279 2048 tw?
284 1935 1093 2062 {ltilitt.isi:iltr'litf'lffiplltulrliiritll‘2·
1103 1939 1174 2052 lit

71 2048 112 2137 est
125 2016 481 2139 suceptim.ltieliinexpeciea
495 2016 636 2126 pntrcsagpe.
657 2065 697 2112 ld.
707 2064 776 2138 Earn.
787 2064 805 2110 l.
822 2066 914 2137 laep.
926 2067 965 2139 19.
982 2064 1131 2124 Admirabar‚
1147 2075 1172 2115 te

69 2141 164 2238 ciffi,
173 2135 287 2255 ququitcr
296 2128 444 2241 qolqututem
461 2136 527 2176 tuam
541 2136 632 2176 tantum
648 2143 690 2190 per
703 2127 783 2175 literas
797 2126 920 2175 detulisse.
935 2128 999 2177 little
1008 2132 1172 2194 expectingt't.

466 2259 491 2305 t.
508 2258 569 2313 Nec,
580 2271 624 2320 pro
634 2271 681 2305 aon
691 2257 792 2320 quidem.

108 2335 200 2385 Colum.
210 2335 228 2384 l.
238 2339 279 2384 12.
289 2350 312 2383 c.
321 2339 361 2385 ut.
387 2334 477 2384 Postea
496 2337 522 2385 in
541 2337 679 2401 quadratam
694 2336 776 2384 cistam
796 2335 928 2393 vimineum,
950 2352 1003 2400 qus
1021 2354 1067 2390 nec
1088 2340 1173 2406 spisse,

71 2398 150 2448 solide
158 2407 241 2449 tamen
255 2406 282 2447 et
292 2398 378 2448 crassis
387 2399 513 2449 viminibus
522 2409 636 2450 contexta
643 2401 683 2458 sit,
695 2416 752 2464 rapa
762 2401 906 2463 componito.

461 2511 473 2536 '
484 2518 509 2561 6.
526 2514 578 2563 Nec
588 2527 632 2577 pro
642 2528 671 2562 ae
681 2514 783 2576 quidem.

109 2591 163 2641 Cic.
173 2591 191 2641 l.
202 2595 227 2641 9.
237 2592 308 2642 Fam.
319 2608 355 2655 ep.
367 2596 407 2642 19.
418 2594 433 2657 6
443 2596 468 2642 2.
484 2592 572 2657 Neque
588 2594 633 2641 hoc
650 2592 761 2656 admiror,
772 2593 836 2656 quod
847 2607 896 2641 non
909 2592 940 2642 ad
951 2600 1013 2643 tuum
1031 2596 1119 2658 potius,
1131 2599 1174 2646 sed

73 2655 146 2716 illud,
154 2657 219 2720 quod
230 2672 276 2705 nec
285 2657 316 2704 ad
327 2669 402 2708 suam.

388 2755 403 2785 ⁴¹
414 2757 439 2803 6.
457 2755 626 2820 Necquidem:
641 2769 754 2818 sequeus
766 2754 867 2817 quidem.

110 2851 164 2900 Gis.
175 2854 192 2899 d
202 2850 295 2900 Purud.
304 2865 327 2898 c.
338 2854 362 2899 l.
378 2850 479 2914 Sapiens
493 2865 539 2899 nec
550 2850 647 2899 civitate
665 2849 761 2911 quidem
772 2849 831 2912 pelli
840 2854 927 2911 potest.
963 2850 1001 2899 ld.
1011 2853 1041 2900 de
1052 2852 1113 2916 Rep.
1124 2856 1141 2903 l.
1151 2859 1176 2904 6.

72 2929 98 2964 c.
108 2917 133 2966 8.
166 2915 261 2973 Quodsi
269 2914 411 2977 principium
422 2930 544 2977 nunquam
552 2915 635 2970 oritur,
650 2928 696 2961 nec
707 2912 796 2962 occidit
805 2914 901 2976 quidem
911 2927 1024 2976 unquam.
1056 2916 1095 2966 Id.
1106 2919 1177 2968 Fam.

74 2979 94 3027 l.
103 2985 177 3042 step.
187 2983 213 3027 6.
229 2979 266 3027 Te
283 2978 470 3028 nortmannum
484 2987 552 3041 puto,
573 2993 617 3026 nec
634 2978 672 3025 his
687 2977 786 3040 quidem
807 2977 894 3033 serbis,
912 2977 999 3039 quibus
1015 2987 1041 3027 te
1057 2983 1175 3040 consoler,

74 3049 105 3091 ut
120 3042 242 3099 afflictum,
261 3041 306 3090 sed
317 3051 343 3090 ut
359 3058 424 3099 sum,
437 3044 468 3092 de
486 3042 555 3106 cujus
571 3041 737 3090 incolumitate
753 3056 803 3088 non
819 3041 934 3090 dubitem.
964 3042 982 3089 l.
993 3046 1018 3091 a.
1033 3058 1069 3107 sp.
1080 3050 1105 3094 8.
1120 3047 1176 3096 Hoc

72 3114 153 3154 totum
161 3106 224 3155 nihil
233 3119 297 3162 esse,
306 3121 402 3169 possum
412 3107 547 3169 intelligere
565 3123 571 3154 r
590 3106 633 3154 sed
646 3121 698 3153 curn
709 3105 743 3153 sit
752 3105 822 3167 nihil,
830 3120 876 3153 nec
888 3105 947 3168 quid
957 3107 1052 3156 dicatur
1068 3109 1175 3172 quidem,

71 3169 194 3231 intelligo.
226 3170 243 3218 l.
255 3175 278 3219 l.
289 3185 325 3234 ep.
337 3176 361 3220 8.
377 3173 473 3234 Neque,
485 3178 512 3218 ut
524 3185 569 3233 ego
580 3171 686 3226 arbitror,
703 3181 808 3217 errarent
817 3184 849 3216 ne
860 3169 987 3218 adversarii
1003 3172 1102 3233 quidem
1116 3174 1177 3238 ejus,

73 3234 97 3282 si
108 3249 213 3297 pugnare
224 3232 375 3282 desisterent.
398 3236 453 3284 Lis.
462 3236 480 3284 l.
490 3239 531 3283 29.
542 3251 564 3284 c.
573 3239 613 3284 12.
630 3235 712 3282 Facile
722 3234 885 3296 impetratum,
895 3248 973 3296 neque
983 3237 1048 3284 enim
1060 3252 1092 3298 ne
1102 3238 1180 3302 ipsius

74 3297 174 3360 quidem
195 3297 260 3360 regis
281 3298 419 3346 abhorrebat
434 3300 534 3346 anirnus.
566 3300 583 3346 l.
595 3307 620 3347 et
629 3315 651 3347 c.
667 3302 707 3346 89.
726 3297 848 3360 Optimum
870 3299 949 3347 fuerat
968 3314 1009 3346 vos
1028 3299 1114 3357 Italis,
1132 3319 1178 3351 nos

74 3361 167 3410 Africus
177 3361 278 3426 imperio
293 3369 417 3410 contentos
434 3377 503 3410 esse:
519 3377 597 3424 neque
617 3362 682 3411 enim
695 3378 726 3410 ne
737 3362 804 3410 vobis
814 3360 909 3425 quidem
926 3362 1009 3411 Sicilia
1023 3379 1051 3412 au
1069 3365 1178 3415 Sardinia

75 3425 135 3475 satis
144 3424 219 3488 digus
227 3425 305 3490 pretia
314 3433 372 3474 sunt
380 3441 423 3490 pro
431 3434 467 3474 tot
476 3425 601 3474 classibus.

110 3602 166 3680 lieo
175 3601 323 3678 quddruspro
333 3617 363 3653 ss
380 3601 474 3678 quidm
487 3522 969 3679 squidlrlldfflsciuscuuendum.
1001 3602 1096 3679 Inloco
1110 3604 1178 3655 Cice·

74 3665 1179 3793 ”immitiltili·..i¹¹.it¹;.¹.¹⁶.l’².tl.tlattile?
1235 3699 1271 3712 ·“

75 3745 301 3859 {dubiumque
309 3796 349 3843 ubi
360 3794 431 3860 vulgo
442 3793 522 3842 editur
533 3808 576 3843 rrae
587 3794 689 3856 quidem,
700 3793 780 3857 reperi
790 3809 820 3844 se
830 3765 932 3858 quidem,
944 3804 972 3844 ut
980 3810 1020 3860 ap.
1037 3748 1179 3846 Tadius-pe

465 3889 477 3914 ’
488 3894 513 3940 7.
530 3891 678 3952 Neque-et,
689 3903 733 3952 pro
743 3903 794 3938 ase.

116 3972 202 4022 Celeus
209 3987 308 4036 prooem.
324 3972 342 4019 l.
354 3976 377 4022 l.
394 3970 482 4034 Neque
495 3967 615 4018 Hercules
624 3968 691 4017 istud
701 3975 728 4017 et
737 3969 830 4033 antiqui
840 3971 924 4021 medici
934 3974 1082 4041 nescierunt,
1091 3979 1135 4027 sed
1145 3981 1182 4031 his

78 4036 191 4086 contenti
200 4052 250 4085 non
258 4036 366 4087 fuerunt.

438 4120 463 4164 8.
480 4115 622 4164 Neo-nee:
639 4127 825 4178 aeque—seque.

114 4195 168 4248 Nee
177 4201 204 4244 et
219 4210 294 4258 seque
311 4211 376 4260 sepe
395 4190 519 4251 iterium,
534 4193 628 4242 etiamsi
641 4193 766 4242 antecedat
783 4192 889 4258 negatio.
923 4196 980 4246 Cia.
989 4200 1020 4248 du
1038 4199 1120 4259 dmi«.
1130 4219 1155 4250 c.
1168 4211 1201 4256 a.

79 4261 137 4312 Nee
155 4261 220 4309 enim
237 4261 320 4310 melior
340 4261 376 4308 vir
392 4258 505 4310 Africano
522 4259 658 4326 quisquam,
673 4275 721 4310 uec
743 4259 841 4311 clarior.
874 4261 985 4313 lutet
996 4266 1070 4326 epu.
1081 4264 1130 4312 uic
1143 4280 1217 4314 tome

143 4339 212 4386 Pure.
1069 4341 1128 4388 ss.

1107 4570 1146 4602 A
1230 4574 1267 4602 *-
