2670 4636
130 253 223 333 mort]
487 257 926 324 1111211111011118411.Ι
1039 306 1041 310 -
1136 267 1227 326 Ι239

134 401 224 466 beivin
240 403 327 459 etated,
342 403 395 455 etat
410 404 450 455 tlte
464 405 526 468 atne
535 404 612 457 would
627 421 699 458 neser
713 408 740 458 be
749 408 862 464 received,
875 407 915 457 bat
930 405 982 457 etot
992 412 1018 458 ot
1034 421 1065 458 tto
1074 408 1133 459 time
1144 410 1228 461 should

135 466 178 516 tlte
188 461 341 518 motter‘eoer
350 469 376 518 be
386 470 525 520 mentioned.

473 567 485 592 ¹
496 573 536 618 82.
553 571 611 619 Non
621 571 750 633 quio-sed
760 571 836 619 rarius
847 577 891 619 est.

97 705 102 711 ι
173 616 249 695 Tacit
260 647 329 696 Hae.
339 649 357 696 1.
369 653 392 698 1.
403 665 424 697 c.
435 651 496 713 15.§
508 654 532 699 8.
548 651 606 698 Νοιι
618 651 675 715 quia
686 652 831 716 propinquos
841 659 884 700 aut
894 652 968 700 socios
983 650 1039 699 belli
1050 666 1097 698 non
1110 651 1210 700 babeam
1221 669 1229 711 ;

135 709 181 758 ssd
190 724 269 773 neque
279 711 331 774 ipte
345 711 473 776 imperinm
481 714 608 765 ambitione
617 716 700 780 accepi
709 722 755 767 cet.
782 717 849 766 idem
857 718 907 766 18.
921 717 990 766 trist.
1001 732 1023 765 o.
1031 721 1072 766 811.
1083 718 1097 780 b
1109 722 1133 765 b.
1143 715 1231 779 Agite.

134 790 158 824 c.
169 777 211 825 49.
222 778 236 840 §
247 780 271 825 4.
285 778 356 839 Orat.
366 793 388 825 c.
400 783 440 827 at.
451 781 464 843 §
475 785 501 829 t.

388 875 404 905 ³
413 879 453 925 99.
469 878 527 926 Non
538 878 667 941 quio—sed
678 885 704 929 ret
715 895 726 937 ,⁰
742 894 788 928 noo
800 879 928 942 qaia-sed
938 895 976 928 ne.

171 954 323 1004 eorummet.
332 959 356 1005 8.
367 972 388 1004 c.
399 957 445 1007 ult.
460 957 516 1006 Non
528 959 596 1022 plura
610 957 784 1006 nominavimus
794 974 891 1022 genera,
906 974 953 1007 non
969 957 1026 1021 qnia
1036 964 1122 1006 cuncta
1135 959 1230 1008 cunctis

134 1017 257 1067 littoribus
270 1028 366 1077 exeunt,
384 1022 427 1069 sed
440 1030 468 1070 ut
477 1039 506 1069 ex
521 1024 557 1070 his
572 1023 661 1088 aliqua,
672 1039 769 1086 quorum
781 1023 827 1071 erit
839 1023 949 1080 facultas,
965 1024 1120 1086 praebeamus·
1154 1023 1230 1073 Tacit.

135 1083 204 1132 Atta.
214 1082 233 1130 l·
240 1089 267 1132 2.
278 1101 299 1133 c.
308 1087 348 1137 33.
359 1086 372 1149 q
383 1091 407 1134 4.
418 1093 443 1134 st
454 1087 469 1134 Ι.
482 1091 521 1137 15.
529 1102 551 1134 c.
559 1091 621 1150 ont
633 1094 656 1138 3.
664 1099 688 1134 et
699 1088 714 1135 l.
727 1092 750 1138 9.
762 1089 831 1137 Hor.
843 1106 865 1138 c.
876 1096 902 1136 et
910 1090 923 1152 §
932 1093 956 1136 4.
964 1099 989 1136 et
997 1088 1015 1135 l.
1027 1092 1066 1136 14.
1077 1086 1142 1137 Atta.
1153 1103 1176 1137 t·
1187 1093 1229 1138 48.

136 1148 151 1211 §
165 1150 188 1194 1.
204 1147 263 1194 Nou
280 1164 333 1196 snm
350 1150 495 1206 adversmus,
514 1167 563 1200 non
581 1153 638 1215 quia
658 1152 791 1200 dubitarem
808 1169 880 1216 super
896 1152 1005 1199 omnibus
1025 1151 1129 1214 negotiis
1145 1151 1230 1200 melius

134 1217 210 1274 atque
225 1212 315 1261 rectius
333 1214 391 1260 olim
406 1215 534 1279 provisum,
546 1224 571 1264 et
581 1232 634 1280 qua
647 1224 849 1274 converterentur,
866 1217 893 1264 in
904 1218 1007 1264 deterius
1023 1217 1122 1276 muteri3
1144 1216 1187 1266 sed
1198 1233 1229 1265 ne

134 1275 211 1325 nimio
226 1291 307 1326 amore
322 1279 414 1342 antiqui
423 1280 496 1328 moris
506 1280 611 1330 studium
623 1298 701 1329 meum
712 1283 827 1330 extollere
839 1281 940 1329 viderer.
1246 1288 1249 1297 ⁴

510 1394 525 1424 ⁶
536 1400 576 1445 24.
593 1397 649 1445 Non
659 1398 789 1460 quic-sed
798 1397 863 1460 quio.

172 1472 225 1520 cte.
233 1487 278 1536 pro
290 1474 346 1525 Mil.
362 1490 384 1523 c.
394 1478 435 1524 22.
450 1475 558 1539 Majores
568 1477 644 1524 nostri
653 1477 678 1523 in
689 1477 812 1524 dominum
828 1477 858 1524 de
870 1490 937 1523 servo
947 1475 1021 1538 queeri
1030 1476 1167 1530 noluerunt,
1183 1489 1232 1523 non

134 1536 258 1602 quianon
276 1548 357 1602 posset
366 1555 447 1587 verum
465 1540 575 1597 inveniri,
592 1543 633 1588 sed
653 1541 710 1603 quia
720 1542 844 1589 videbatur
860 1540 985 1602 indiguum
996 1554 1057 1587 esse.
1085 1540 1136 1588 Pro
1147 1539 1233 1590 Pione.

93 1622 99 1631 ·
134 1617 159 1650 c.
172 1605 214 1650 42.
232 1602 283 1664 Ego
294 1619 344 1651 sum
356 1604 483 1660 exereitus,
493 1621 540 1653 non
552 1605 608 1670 quia
617 1606 701 1654 multis
711 1606 795 1661 debeo,
805 1605 848 1652 sed
859 1605 915 1668 quia
925 1619 989 1668 serpe
1001 1603 1128 1659 concurrit,
1138 1610 1233 1666 proptor

106 1690 108 1699 v
136 1666 272 1728 aliquorum
286 1668 316 1716 ds
328 1684 364 1717 me
377 1670 511 1717 meritorum
521 1671 583 1718 inter
598 1669 663 1732 ipsos
674 1670 846 1726 contentiones,
858 1677 887 1717 ut
897 1667 981 1716 eodem
994 1675 1100 1731 tempore
1115 1668 1140 1714 in
1151 1683 1233 1716 omues

135 1744 219 1778 verear
233 1745 267 1799 nq
283 1732 321 1780 vix
336 1733 420 1794 possim
434 1742 514 1796 gratus
528 1734 613 1782 rideri.
647 1736 826 1785 Demaeneto.
842 1739 883 1784 ll.
896 1735 1018 1783 Coluotell.
1030 1734 1047 1780 l.
1057 1738 1081 1782 8.
1091 1747 1112 1781 c.
1127 1736 1167 1782 18.
1178 1733 1236 1782 tia.

135 1795 154 1844 l·
167 1798 746 1849 42.οο25.1.4.ῦ.57.1.7.ῦ.36ι1.40.9.33.

483 1913 497 1942 '
509 1916 549 1961 95.
568 1914 625 1962 Non
636 1914 802 1977 quta-aerum
812 1914 881 1977 quod.

174 1991 265 2039 Colum.
279 1991 294 2039 l.
306 1996 330 2041 8.
343 2007 365 2040 c.
376 1995 400 2040 9.
420 1991 490 2039 Nihil
500 1994 562 2040 enirn
573 1993 647 2050 aliud,
661 2010 731 2057 quam
742 1992 855 2057 objicitur
865 2008 928 2047 esca,
943 1992 986 2041 sed
994 1992 1112 2057 praecipuc
1127 1990 1232 2039 milium:

135 2054 250 2116 necquia
262 2053 343 2104 tritico
357 2057 396 2105 vel
407 2057 461 2104 aliis
471 2057 595 2106 immotum
612 2059 690 2106 minus
702 2069 857 2116 crassescunt,
872 2073 963 2114 verum,
978 2057 1043 2122 quod
1056 2057 1146 2120 semine
1161 2054 1234 2119 hujus

135 2119 242 2168 maxime
252 2119 407 2170 delectantur.

231 2233 247 2264 ¹·
257 2237 299 2283 96.
318 2236 372 2285 Non
382 2239 525 2286 enum-sed
533 2241 593 2300 quod
599 2255 609 2296 ,·
625 2254 672 2287 noo
682 2199 827 2288 :ausa-ced
838 2253 883 2296 ne,·
899 2254 946 2287 reon
956 2239 1100 2316 opaco-sed
1109 2241 1145 2284 set.

175 2313 228 2362 cte.
238 2313 255 2360 1.
265 2319 289 2363 8.
300 2315 356 2365 Are.
366 2332 402 2380 ep.
415 2322 454 2366 tn.
471 2316 501 2364 Id
511 2316 559 2366 ieci
569 2334 617 2366 non
630 2319 720 2366 vitandi
728 2319 805 2367 oneris
814 2334 893 2376 causa,
906 2320 949 2367 sed
956 2318 1020 2382 quod
1030 2317 1149 2371 videbam,
1157 2314 1234 2364 teneri

137 2377 205 2426 illam
216 2380 299 2427 urbem
309 2381 360 2428 sine
376 2381 481 2429 exercitu
495 2397 543 2429 non
560 2398 638 2445 posse.
681 2385 696 2412 ¹*
708 2384 762 2432 Huc
783 2384 872 2432 referre
891 2383 1065 2446 quodammodo
1081 2383 1157 2445 possis
1174 2381 1235 2428 illud

137 2443 208 2492 Livii
217 2443 234 2490 l.
246 2449 270 2493 2.
282 2461 304 2494 c.
314 2451 355 2495 44.
371 2445 413 2492 Ad
424 2445 512 2495 Veiens
529 2448 618 2495 bellum
633 2449 738 2511 undique
754 2463 786 2496 ex
796 2448 889 2495 Etruria
904 2449 994 2497 auxilia
1004 2453 1172 2502 convenerant,
1186 2461 1235 2492 non

139 2517 188 2555 tam
202 2509 341 2557 Veientium
351 2511 427 2572 gratia
438 2511 563 2567 concitata,
574 2527 643 2574 quam
656 2515 719 2575 quod
730 2513 757 2560 in
774 2528 842 2575 spem
852 2520 952 2561 ventum
967 2520 1026 2568 erat,
1041 2509 1158 2558 discordia
1171 2509 1234 2567 inte-

139 2572 204 2619 stina
214 2573 312 2621 dissolri
321 2590 372 2622 rem
384 2573 515 2623 Romanam
526 2593 603 2639 posse.
636 2576 648 2600 ⁸
663 2578 713 2625 Cic.
724 2577 741 2623 l.
750 2581 775 2625 9.
786 2576 841 2625 Aet.
852 2593 888 2640 ep.
898 2581 939 2625 22.
963 2576 1073 2623 Nonhoc
1083 2574 1145 2621 facio
1155 2574 1235 2635 reipu·
1279 2617 1281 2622 ,

138 2635 211 2684 blicae
222 2653 303 2694 causa,
314 2654 386 2702 quam
395 2638 504 2688 funditus
520 2640 624 2704 deletam
635 2650 703 2703 puto,
719 2642 760 2688 sed
771 2656 802 2687 ne
813 2640 867 2703 quis
876 2656 914 2688 me
930 2648 998 2704 putet
1007 2640 1124 2701 ingratum
1134 2638 1160 2683 in
1171 2652 1236 2693 eum,

140 2700 185 2764 qui
195 2717 235 2749 me
245 2703 336 2751 levarit
345 2704 376 2751 iis
385 2704 548 2760 incommodis,
559 2705 645 2768 quibus
655 2705 720 2752 idem
730 2705 850 2754 affecerat.
883 2707 939 2754 Le'o.
950 2706 966 2754 l.
977 2709 1017 2752 45.
1028 2719 1050 2750 c.
1061 2707 1101 2752 22.
1118 2690 1176 2749 llaec
1187 2717 1235 2748 nou

140 2764 261 2878 {modi
271 2784 343 2817 causa
353 2769 430 2825 retuli,
443 2771 484 2818 sed
497 2777 524 2818 ut
539 2770 700 2833 admonerem,
713 2769 912 2834 quemadmodum
922 2768 1035 2832 adjuvare
1047 2766 1122 2814 socios
1133 2765 1236 2814 solerent

216 2845 233 2878 rr

328 2935 368 2981 31.
385 2933 440 2982 Non
451 2935 579 2996 qao-sed,
595 2933 633 2979 vel
643 2935 685 2981 sed
695 2938 781 2987 tomen,
799 2946 841 2994 pro
852 2945 899 2980 noo
910 2931 1052 2992 quod-ted.

177 3012 235 3060 Note
245 3027 289 3074 qno
298 3027 361 3076 saepe
370 3020 495 3076 usurpatur
504 3027 546 3076 pro
558 3028 603 3062 non
616 3015 685 3078 qood,
696 3015 836 3076 insequente
846 3013 888 3061 sed
898 3011 987 3069 velseri
998 3015 1084 3058 tameo.
1104 3009 1155 3057 cto.
1172 3006 1242 3082 1.,111.Ι

138 3075 197 3126 Ait.
204 3091 241 3139 ep.
251 3080 290 3125 14.
305 3078 407 3126 Menon
418 3078 474 3126 sane
485 3085 566 3125 movet
583 3078 725 3141 respublica,
742 3085 790 3125 no'n
801 3093 848 3141 quo
859 3091 888 3124 ea
898 3075 929 3122 sit
942 3074 1003 3122 mihi
1014 3073 1139 3137 quiequam
1151 3087 1242 3136 carnus,

140 3148 185 3189 aut
195 3156 248 3189 esse
259 3142 354 3199 debeat,
371 3143 414 3191 sed
424 3142 557 3206 desperatis
574 3141 644 3190 etiam
656 3142 817 3207 Hippocrates
828 3149 893 3190 vetat
902 3139 1013 3188 adhibere
1029 3138 1180 3194 medicinam.
1195 3143 1238 3186 not

141 3207 198 3256 emt
216 3209 291 3268 eregit
309 3208 332 3256 is
348 3210 430 3257 dearer
444 3214 468 3257 to
483 3223 520 3256 me
538 3208 596 3257 tiron
609 3207 639 3257 11.
671 3209 735 3257 ibid.
748 3207 764 3254 1.
775 3211 799 3256 4.
809 3224 846 3272 ep.
857 3211 897 3256 14.
908 3206 925 3253 l.
937 3209 976 3254 12.
988 3220 1024 3268 ep·
1036 3207 1075 3253 13.
1086 3204 1103 3250 l.
1115 3207 1156 3252 15.
1166 3217 1201 3265 ep.
1211 3206 1237 3250 6.

140 3270 162 3318 L
175 3275 325 3386 lgr'eepbltll.
341 3353 363 3386 c.
372 3341 413 3387 21.
430 3337 485 3386 Non
507 3353 554 3400 quo
569 3337 639 3386 Laelii
657 3337 763 3385 oratione
779 3335 908 3399 quicquam
927 3334 957 3382 sit
978 3333 1082 3387 dulcius,
1101 3332 1143 3380 sed
1160 3333 1236 3379 multo

139 3408 226 3448 tamen
241 3403 358 3451 vetustior
368 3410 394 3450 et
407 3402 522 3450 horridior
538 3404 590 3467 ille,
601 3418 673 3514 quarn
684 3402 773 3465 Scipio.
805 3403 820 3430 ⁴
829 3401 846 3449 1.
859 3405 884 3448 9.
895 3400 964 3474 Eam..
976 3403 1061 3474 ep311.
1078 3388 1135 3444 Non
1145 3411 1192 3459 quo
1203 3396 1237 3469 ita

140 3465 189 3512 sim
199 3466 299 3525 fractus,
313 3475 341 3516 ut
351 3467 469 3529 hominem
479 3483 518 3515 me
529 3483 581 3515 esse
592 3483 606 3512 o
624 3466 681 3513 litus
691 3467 744 3524 sim,
755 3465 797 3514 sed
804 3474 884 3513 tamen
892 3466 997 3512 halantes
1007 3464 1050 3510 nlla
1065 3470 1145 3509 nostra
1158 3465 1239 3522 erepta

141 3530 204 3578 mihi
215 3539 261 3580 est.
293 3532 358 3582 Add.
370 3533 386 3580 1.
398 3537 422 3582 2.
432 3535 462 3582 de
475 3534 546 3581 Oret.
558 3547 579 3580 c.
590 3534 630 3580 18.

506 3644 517 3668 ⁸
530 3648 570 3694 38.
589 3646 645 3692 Non
661 3643 779 3705 quo-sed
789 3647 879 3690 contro.

181 3729 232 3777 Cic.
242 3730 260 3775 1.
270 3733 295 3777 3.
308 3731 337 3777 de
349 3731 420 3778 Orat.
432 3744 454 3776 c.
465 3731 506 3776 24.
522 3726 652 3790 Magistros
663 3722 759 3772 dicendi
773 3735 857 3770 censor
867 3720 945 3768 edicto
956 3734 1011 3768 meo
1025 3714 1172 3789 sustuleram,
1190 3731 1240 3763 nou

141 3808 194 3858 quo
212 3795 265 3841 acui
282 3793 380 3856 ingenia
392 3792 581 3842 adolescentium
599 3791 696 3846 nollem,
713 3787 757 3848 sed
774 3793 856 3834 contre
874 3785 970 3848 ingenia
982 3781 1081 3832 obtundi
1096 3780 1171 3835 nolui,
1186 3795 1240 3830 cor-

139 3858 251 3908 roborari
259 3858 439 3922 impudentiam.

367 3975 382 4004 ⁴*
394 3979 435 4024 99.
453 3975 510 4023 Note
520 3972 638 4038 quo-ced
648 3984 692 4032 qno
703 3983 747 4032 pro
756 3981 803 4015 nott
813 3965 946 4028 quod-sed
960 3962 1030 4026 qnod.

182 4059 246 4107 Cels.
258 4059 275 4104 1.
286 4061 310 4105 3.
319 4073 341 4105 c.
351 4061 375 4106 2.
392 4057 449 4105 Non
460 4071 508 4119 quo
518 4069 566 4102 non
576 4052 694 4099 interdum
704 4049 730 4096 id
739 4046 839 4104 incidat,
847 4046 887 4094 sed
899 4059 946 4108 quo
956 4043 1044 4106 saepius
1053 4041 1130 4106 sallat,
1143 4044 1241 4119 scieque

141 4120 292 4172 abstinentia
308 4123 359 4169 sine
375 4122 425 4170 ullo
438 4121 543 4184 periculo
554 4116 685 4167 medeatur.
717 4115 781 4163 Ibid.
794 4129 816 4160 c.
829 4117 853 4161 4.
863 4111 904 4158 fin.
921 4110 950 4156 In
963 4124 1012 4184 quo
1024 4122 1108 4183 uanam
1124 4115 1241 4183 renonem

141 4197 244 4237 secutus
263 4196 300 4235 est
319 4187 488 4249 Asclepiades:
514 4200 561 4232 non
579 4197 627 4246 quo
644 4194 693 4228 non
707 4179 737 4226 sit
750 4177 870 4225 interdum
883 4182 998 4249 maturius
1016 4174 1084 4248 orbus
1102 4171 1208 4235 dandus,
1221 4190 1246 4220 si

140 4261 241 4303 mature
250 4253 346 4301 timetur
357 4252 433 4299 altera
441 4250 557 4306 accessio,
573 4248 615 4297 sed
627 4262 675 4311 quo
687 4243 784 4295 scilicet
792 4258 865 4308 quam
875 4255 1004 4292 sanissimo
1014 4239 1070 4288 bam
1081 4237 1183 4286 amem
1218 4238 1262 4282 11.

138 4319 160 4364 1.
173 4322 195 4364 7.
208 4333 229 4365 c.
241 4321 281 4365 26.
291 4319 322 4388 ele
330 4322 405 4366 curat.
419 4318 476 4366 cole.
503 4316 529 4364 N
529 4331 560 4365 on
579 4330 628 4380 quo
639 4312 762 4366 interdum
773 4311 850 4363 etiam
864 4307 997 4362 temeraria
1004 4303 1135 4355 uetadun
1147 4297 1279 4363 mim*

1170 4580 1231 4596 -k
