2670 4636
167 201 206 260 60
488 194 661 257 nostru
690 194 935 268 TURSELLINI
1202 199 1261 278 [ιιι

169 361 175 372 ”
192 360 261 410 rum?
279 365 305 408 ιι
314 370 380 424 sepe
389 359 462 408 etis·
552 358 596 407 'in
606 359 653 408 beo
669 372 722 423 rep.
733 358 881 425 perniciosos
898 358 965 407 cives
977 365 1055 407 mone
1067 357 1210 413 maiorum.
1227 357 1267 408 dn

175 441 242 489 eges,
252 439 305 488 quae
316 425 347 474 de
358 425 448 473 civium
498 440 531 472 m.
543 424 663 488 supplicio
673 433 762 487 rogatas
771 425 843 472 sunt?
854 430 881 472 at
890 439 1012 486 nunquam
1021 425 1047 471 in
1057 425 1101 472 bac
1112 425 1171 473 urbe
1183 425 1217 481 iri,
1227 425 1268 488 qni

165 505 181 539 ι
197 506 249 554 rep.
267 490 416 546 deiecerunt.
430 489 738 566 civi-umjurstenuerunt.
759 488 798 566 Ap
814 488 930 537 invidiam
948 489 1093 564 posteritatis
1102 489 1190 565 times?
1200 505 1266 565 ιιι·

165 552 1266 683 17²7itt.ittiittttitttitieitt.tititt‘tttttttttt

164 685 248 750 pandi,
259 687 284 734 in
294 684 331 733 iris
341 684 469 749 exemplis,
479 685 524 733 se'd
534 683 694 748 interrogandi
705 685 856 747 simpliciter,
866 691 960 733 utente
969 684 996 732 in
1005 683 1058 748 ιε.)
1143 726 1145 730 .

449 800 474 847 ι.
485 797 527 850 Aa
537 805 563 848 et
572 814 635 850 caue
645 774 827 863 interrogetioni
838 797 982 862 subjectum.

198 877 240 929 Aa
251 894 316 944 saepe
322 879 503 957 interrogationi
510 879 633 956 subjicitur
642 895 687 956 pro
697 885 749 930 out.
766 879 842 957 (32.2
852 880 918 929 Pto.
929 895 951 955 c.
963 884 988 929 l.
1007 879 1073 956 Quid
1087 880 1189 991 putem?
1212 893 1268 957 con-

165 952 299 993 temtumne
317 945 373 992 me?
389 959 439 992 non
449 945 532 1004 vrdeo,
546 945 604 1007 qurd
619 943 663 993 des
680 960 745 994 rcere
762 953 840 1008 possrt
850 944 981 994 Antonrus:
1000 961 1030 993 ιι
1046 960 1072 992 m
1106 951 1179 993 sustu
1196 944 1268 993 inodo

166 1010 197 1058 de
212 1024 252 1059 me
269 1009 362 1057 detrahi
381 1023 452 1072 posse
471 1002 589 1056 crediditi
609 1024 641 1058 an
660 960 784 1058 ieronem
800 1023 895 1060 mecum
904 1010 1000 1057 voluit?
1020 1010 1088 1060 lde
1104 1010 1173 1060 Verr.
1193 1025 1216 1058 c.
1228 1013 1268 1058 77.

167 1074 275 1130 Postulo,
287 1073 440 1138 Carpinatius
455 1073 515 1121 mibi
529 1073 682 1136 respoudeat,
697 1075 740 1136 qui
754 1075 788 1122 sit
797 1075 844 1122 iste
859 1074 992 1132 Venutius,
1004 1081 1128 1131 mercator,
1139 1089 1170 1122 au
1181 1086 1269 1131 arator,

167 1154 199 1192 an
208 1140 350 1204 pecuarius?
367 1139 382 1168 ⁴¹
393 1137 463 1186 Add.
474 1138 515 1188 Id.
522 1153 568 1202 pro
576 1138 650 1187 Rosc.
660 1138 717 1188 Am.
728 1154 750 1187 c.
760 1143 801 1187 21.
810 1147 836 1186 et
843 1154 887 1200 pro
899 1141 986 1188 Milon.
996 1155 1019 1189 c.
1027 1144 1068 1190 20.
1079 1139 1120 1187 Id.
1130 1140 1146 1186 i.
1155 1144 1180 1188 i.
1191 1140 1269 1190 Accd.

166 1202 811 1268 ctu.iutenogatur,triepaucasint,eunemo1ts?
1166 1227 1169 1231 -
1210 1264 1213 1270 Ι
1231 1235 1233 1238 .

479 1323 504 1368 t.
514 1318 555 1367 Aa
566 1325 592 1366 et
602 1331 663 1368 anne
673 1317 819 1367 dubitationi
832 1317 948 1366 serviens.

198 1395 325 1446 Interdum
335 1396 478 1446 dubitationi
489 1397 571 1445 servit.
592 1398 674 1448 cteta
682 1398 757 1447 Bere.
769 1414 791 1446 o·
802 1397 912 1447 ns.1tsm
924 1397 1202 1463 orationeminorigines
1213 1415 1270 1450 snas

166 1465 249 1512 retulit
259 1462 321 1511 Cato
332 1465 415 1526 paucis
431 1470 557 1526 antequem
575 1471 681 1512 mortuus
691 1471 736 1518 est,
747 1476 779 1510 an
792 1462 885 1519 diebus,
898 1478 930 1511 ιιι
945 1463 1080 1510 mensibus?
1095 1464 1134 1512 ld.
1149 1465 1206 1514 Ast.
1218 1466 1236 1513 1.
1244 1474 1270 1514 et

166 1543 202 1591 ep.
211 1533 235 1578 l.
250 1527 304 1576 Nos
314 1529 355 1578 hic
365 1535 391 1576 te
401 1529 432 1577 ad
444 1543 550 1576 mensem
563 1527 703 1578 ianuarium
720 1535 897 1591 exspectamus,
912 1543 945 1575 ex
961 1527 1064 1590 quodam
1075 1543 1177 1585 rumore,
1194 1544 1226 1577 en
1237 1546 1269 1579 ex

160 1594 242 1641 iiteris
251 1595 301 1641 tuis
311 1593 343 1642 ad
356 1594 418 1641 alios
427 1593 516 1642 missis.
528 1609 564 1643 roe
580 1608 622 1642 ore
636 1593 763 1656 ecpeoting
772 1608 820 1656 you
827 1594 883 1642 bere
891 1594 961 1643 dost
973 1594 1014 1642 tte
1023 1593 1105 1643 nwatb
1115 1595 1144 1653 of
1148 1595 1271 1660 dauney,

167 1659 185 1707 1
196 1659 267 1708 ιιιοιι
277 1665 318 1708 ιιι
329 1658 507 1719 uictberfrom
523 1673 620 1707 rumour
636 1658 733 1722 merely,
748 1673 776 1707 or
787 1658 883 1708 because
894 1673 941 1722 poa
952 1659 1012 1707 boos
1023 1658 1152 1708 intimoted
1162 1675 1190 1707 ιι
1199 1663 1270 1710 macir

166 1729 193 1771 to
203 1724 285 1772 others
295 1725 325 1788 by
336 1725 414 1774 letter.
445 1723 460 1752 ⁴¹
470 1721 537 1771 Add.
552 1723 570 1771 i.
581 1727 621 1772 11.
638 1725 693 1773 Art
707 1738 743 1786 ep.
755 1728 781 1772 6.
791 1731 818 1772 ιι
832 1724 849 1770 l.
865 1725 889 1770 8.
899 1738 936 1786 ep.
947 1725 971 1771 t.
990 1723 1030 1771 Id.
1039 1723 1057 1771 i.
1068 1728 1093 1771 4.
1104 1722 1182 1772 sicud.
1193 1741 1216 1776 c.
1228 1729 1268 1775 15.

167 1787 265 1852 Nonne,
273 1788 395 1852 inquiunt,
406 1788 535 1836 verisimile
546 1789 586 1845 sit,
596 1789 630 1836 sic
641 1795 746 1836 mentem
761 1785 859 1844 moveri,
875 1793 902 1835 ut
917 1802 966 1835 non
980 1788 1050 1836 modo
1060 1803 1109 1835 non
1123 1789 1270 1838 internoscat

167 1853 220 1902 visa
233 1868 292 1900 vere
309 1852 351 1900 iiie
365 1852 423 1909 siut,
443 1867 505 1900 aune
523 1853 593 1909 falsa,
605 1854 649 1901 sed
662 1861 688 1900 ut
706 1853 732 1899 in
751 1853 790 1899 his
804 1853 867 1900 nihil
881 1853 976 1900 intersit
986 1852 1098 1901 omnino?
1112 1852 1152 1902 Id.
1161 1869 1206 1916 pro
1220 1857 1268 1917 leg.

163 1918 256 1976 Martii·
266 1934 288 1967 c.
299 1922 340 1966 lo.
351 1917 407 1973 Quo
416 1919 476 1965 mihi
485 1917 606 1979 indignius
618 1917 719 1974 ridetur,
731 1917 891 1964 obtrectatum
901 1932 964 1978 esse,
976 1917 1082 1966 Gabinio
1101 1917 1189 1976 dicum,
1206 1936 1270 1969 anns

166 1981 284 2046 Pompeio
290 1998 297 2041 ς
314 1998 346 2030 ιιι
355 1983 469 2045 utrique?
487 1987 511 2031 ιο
525 1982 652 2040 Gabinius,
661 1982 724 2031 simii
734 1982 753 2031 1
760 1980 823 2046 toy?
834 1997 862 2045 or
870 1987 896 2031 to
907 1983 1024 2046 Pompcy,
1034 1998 1061 2030 or
1071 1984 1156 2032 indeed
1168 1989 1193 2034 to
1204 1987 1269 2036 boib.

167 2047 183 2077 ‘
196 2049 292 2097 Terent.
303 2048 395 2111 Heeyr.
407 2051 429 2094 1.
437 2051 463 2097 2.

198 2112 256 2160 Huc
270 2113 391 2175 pertinent
400 2112 451 2168 ilis,
463 2111 505 2160 ubi
515 2115 596 2159 uirum
605 2109 646 2156 vel
656 2108 748 2172 aliquid
758 2109 876 2175 ejusmodi
886 2117 927 2159 eut
937 2111 1034 2175 ponitur
1053 2111 1080 2158 in
1101 2112 1208 2162 oratione
1228 2123 1270 2163 eut

166 2176 316 2240 intelligitur.
339 2178 392 2226 Cic.
405 2179 476 2225 Oroi.
487 2192 509 2225 c.
520 2179 561 2224 iii.
572 2175 706 2250 Quaesitum
715 2181 761 2231 est,
777 2173 804 2221 in
821 2183 902 2224 totone
921 2177 1021 2224 circuitu
1040 2176 1082 2229 illu
1098 2179 1222 2236 emtionis,
1239 2197 1270 2228 ιιι

166 2241 825 2368 titti.titetztttttiutititii?
835 2241 1270 2373 ἕῖζὲρᾛιῗῗίἕιίἶῗὲῗὲξέι

167 2378 214 2428 tes,
224 2387 256 2419 au
265 2371 336 2434 pauci
345 2371 354 2418 ?
364 2386 396 2420 au
407 2370 513 2433 singuli?
1003 2379 1006 2383 ’
1183 2383 1185 2387 ’
1225 2373 1231 2389 “·

200 2434 321 2486 *oedem
338 2437 405 2484 iocus
416 2435 522 2498 pertinet
537 2434 648 2484 &ductii
667 2435 768 2486 Cutilia.
779 2451 802 2486 c.
812 2439 853 2485 25.
864 2435 985 2495 Pecuniae‚
1002 2436 1113 2486 aniame
1123 2437 1204 2502 prinus
1214 2454 1270 2504 par·

167 2508 242 2558 oeret,
253 2501 320 2550 houd
328 2499 399 2551 facile
410 2501 564 2550 discerneres.

628 2597 769 2649 Admonitio
784 2599 805 2651 Ι.

194 2678 229 2728 'In
239 2672 465 2745 interrogationibus
472 2685 497 2726 et
507 2677 697 2727 dubitationibus
706 2694 750 2742 pro
761 2686 804 2729 ιιι
811 2681 978 2744 reponendum
987 2688 1025 2729 est
1034 2697 1074 2738 ιι,
1084 2681 1132 2730 nisi
1140 2683 1201 2731 sorte
1212 2699 1268 2731 sen·

167 2746 244 2794 tentia
252 2746 317 2793 aliud
328 2746 450 2808 postulet3
466 2744 580 2792 nimirum
590 2743 705 2806 quianon
723 2744 878 2802 interrogatio
895 2754 938 2794 aut
953 2747 1072 2794 dubitatio
1082 2753 1214 2810 spectatur,
1224 2749 1268 2795 sed

166 2825 244 2859 rerum
255 2809 391 2874 disjunctio.
421 2810 473 2858 Cic.
484 2811 503 2856 l.
515 2811 538 2857 1.
549 2810 578 2857 do
590 2809 648 2859 Fit.
660 2824 682 2857 c.
694 2814 736 2859 21.
752 2809 793 2857 Au
804 2810 847 2858 ille
858 2817 953 2873 tempus
963 2818 1004 2859 aut
1013 2813 1269 2875 iupoetisrolutandis

136 2898 137 2902 =
167 2876 245 2924 autin
254 2876 354 2924 musicis
361 2873 510 2923 contereret?
532 2873 573 2923 Id.
584 2873 602 2920 i.
613 2878 636 2922 1.
644 2875 674 2923 de
687 2875 731 2922 Or.
742 2890 763 2922 c.
774 2880 798 2924 o.
811 2873 852 2923 An
863 2891 919 2923 vero
929 2877 974 2924 tibi
985 2875 1104 2925 Romulus
1114 2878 1158 2925 ille
1171 2887 1213 2926 eut
1225 2895 1267 2941 pa·

166 2948 246 2989 stores
261 2948 287 2989 et
298 2955 418 2988 convenas
432 2953 598 3002 congregasse,
614 2946 656 2986 aut
671 2938 812 2988 Sabinorum
822 2941 941 2988 connubia
955 2941 1117 3005 conjunxisse,
1135 2949 1177 2991 eut
1193 2944 1269 2992 finiti*

167 3019 260 3055 morum
269 3005 319 3054 vim
328 3005 473 3070 repressisse
483 3002 623 3067 eloquentia
632 3002 741 3052 videtur?
757 3004 843 3066 (Hanc
853 3004 1039 3055 admonitionem
1048 3021 1097 3054 non
1107 3008 1241 3073 intelligo.)

620 3115 764 3166 Admonitio
776 3117 813 3166 11.

200 3201 249 3256 Αι,
263 3215 295 3251 on
312 3216 355 3264 pro
370 3207 459 3256 etnim,
472 3216 504 3251 ιι
520 3199 585 3262 apud
601 3196 714 3261 probatos
728 3196 853 3260 scriptores
869 3198 987 3267 rarissime
997 3177 1091 3248 'dicitur
1109 3201 1139 3250 de
1162 3202 1269 3252 duobus.

169 3265 233 3315 Geir.
242 3267 259 3314 1.
270 3270 295 3316 2.
311 3283 333 3315 c.
343 3271 368 3315 6.
387 3266 416 3314 Id
427 3279 521 3329 quoque
530 3263 662 3312 videndum
673 3269 718 3319 est,
735 3261 799 3324 quod
818 3263 917 3326 quidam
931 3266 1007 3313 solum
1019 3266 1170 3329 precipiunt,
1182 3283 1213 3316 an
1224 3269 1267 3316 ad-

165 3331 272 3379 strictum
284 3346 371 3394 corpus
382 3330 422 3387 sit,
435 3347 466 3377 an
481 3328 590 3395 profluat.
600 3342 654 3392 pro,
670 3334 749 3374 utrum
767 3327 907 3376 adstrictum
918 3329 959 3385 sit,
970 3345 1000 3378 nu
1019 3331 1127 3393 profluat.
1159 3332 1228 3382 Ptin.
1248 3334 1267 3383 l.

69 3415 71 3418 ·
168 3399 208 3445 lo.
218 3410 240 3444 c.
251 3401 275 3446 l.
285 3409 346 3444 extr.
359 3395 486 3452 Quinctil.
496 3400 520 3444 7.
536 3410 559 3443 c.
570 3398 594 3443 1.
603 3391 673 3440 edd.
685 3392 773 3447 Ceiior.
784 3393 815 3440 ad
828 3393 906 3443 Plinii
915 3394 933 3445 i.
945 3397 968 3442 8.
980 3397 1051 3458 epist.
1064 3400 1104 3446 14.
1121 3411 1147 3446 n.
1158 3402 1201 3447 24.
1211 3405 1238 3446 ιι
1248 3400 1266 3447 1.

167 3463 404 3590 &gpiiffiniimiriem
413 3533 493 3573 tamen
503 3537 543 3571 res
559 3521 611 3586 ipsu
627 3526 694 3568 vetat
703 3521 817 3571 adhibere
828 3527 909 3572 atrum
920 3523 951 3571 de
965 3524 1066 3582 duobus,
1077 3524 1123 3594 sed
1128 3525 1184 3590 jure
1196 3529 1267 3588 qussi

164 3606 208 3640 suo
218 3599 298 3641 tuetur
308 3592 428 3656 geminum
437 3605 475 3638 uo.
493 3587 599 3643 Quincti.
610 3587 628 3635 l.
640 3591 664 3634 5.
674 3591 743 3637 olo.
761 3587 820 3636 Haec
829 3587 890 3635 etin
900 3588 1056 3638 deliberando
1065 3590 1195 3648 intuemur,
1207 3600 1233 3640 et
1240 3592 1267 3641 in

162 3655 262 3719 judiciis
272 3657 303 3705 ad
314 3656 374 3705 duras
383 3670 423 3705 res
434 3655 539 3702 solemus
548 3651 645 3707 referre.
662 3667 694 3700 ott
706 3654 808 3703 eoiuerit
821 3653 883 3717 quis.
894 3667 926 3703 on
933 3655 1046 3716 potuerit.
1079 3654 1187 3704 Hieron
1204 3657 1267 3719 licet

165 3720 254 3777 dicem,
264 3727 345 3772 atrum
353 3720 454 3770 uoluerit
465 3719 564 3782 quieuit
573 3717 685 3780 potuerit,
693 3717 750 3780 quia
759 3725 839 3779 partes
848 3717 912 3767 inter
919 3733 946 3766 se
954 3734 1003 3766 non
1013 3726 1128 3784 pugnant,
1140 3720 1185 3767 sed
1201 3721 1267 3771 belis

165 3788 311 3851 conspirant.
321 3786 422 3850 (nempe
438 3783 477 3832 iric
487 3790 526 3830 est
536 3782 625 3844 duplex
639 3781 802 3848 interrogatio,
813 3783 952 3847 omissaeque
970 3785 1093 3848 particule
1110 3786 1214 3848 ocinum
1224 3789 1266 3838 de-

164 3851 221 3901 inde
230 3854 275 3911 de,·
286 3859 337 3900 tota
347 3851 419 3914 igitur
428 3849 480 3897 hec
491 3844 622 3897 admonitio
632 3846 732 3910 aliena.)

198 3916 256 3965 'Aa
266 3916 400 3965 dubitantis
408 3927 576 3975 nonnunquam
593 3911 628 3960 sic
643 3913 747 3974 ponitur,
756 3919 784 3961 ut
792 3912 851 3970 sive,
862 3912 912 3962 sive
922 3912 1064 3978 significare,
1076 3921 1141 3963 certe
1152 3915 1188 3963 sic
1199 3929 1266 3964 com·

163 3981 236 4031 mode
241 3981 355 4032 declarari
360 3994 432 4043 posse
437 3974 582 4029 videatur.¹⁶
591 3976 651 4040 (Sed
661 3992 711 4026 non
719 3979 793 4026 solum
801 3993 833 4028 oa
836 3985 918 4042 potest
926 3994 980 4028 esse
988 3980 1045 4037 siue,
1051 3980 1110 4037 siue,
1116 3995 1200 4028 verum
1210 3996 1266 4030 cum

192 4190 222 4224 ’ὅ
232 4190 283 4240 Cic.
294 4156 313 4239 1.
325 4191 440 4268 1.,,Αιιιὶι
449 4197 486 4260 ep.
494 4196 518 4246 2.
534 4191 587 4245 Nos
598 4195 622 4241 ts
631 4189 670 4242 hic
681 4197 834 4258 expectamus
842 4206 872 4242 ex
880 4191 983 4259 quodam
991 4207 1092 4249 rumore,
1104 4206 1134 4242 en
1144 4206 1176 4242 ex
1184 4191 1268 4272 iiterip

141 4252 418 4308 mandanarum?
1265 4273 1274 4278 ⁴
