2670 4636
111 231 171 293 200
436 221 606 287 HORA‘l'll
630 221 871 283 TURSELLINI
1071 224 1192 304 [uirus

113 376 210 433 Senatu,
221 387 270 422 non
280 371 358 421 minus
368 371 503 436 perturbato
521 371 600 420 animo
616 377 687 433 atque
703 370 778 435 vultu,
789 384 860 432 quam
878 369 898 417 si
914 374 969 417 ante
990 369 1059 418 annis
1072 371 1156 435 paneis
1170 369 1194 417 in

113 441 257 490 creditorum
267 444 410 487 conventum
418 437 550 486 incidisset.

475 540 515 585 10.
532 536 589 583 Non
599 534 677 582 miuus
687 535 776 590 multe,
786 540 834 582 cet.

147 619 228 681 Nepos
237 616 315 668 Alcib.
327 630 349 664 e.
360 619 384 664 b.
411 614 550 679 Complures
567 613 635 662 urbes
646 620 847 677 expugnaverant,
862 612 885 659 in
897 612 933 660 bis
944 611 1103 724 quentium:
1121 626 1194 674 neque

115 683 193 732 minus
212 683 298 729 multas
315 680 414 728 consilio
432 680 462 727 sd
476 680 605 727 amicitiam
624 678 780 742 adjunxerant
795 679 893 741 college
912 676 967 727 Alci
983 677 1052 724 iadis.
1084 676 1100 705 ⁸
1112 676 1195 723 Obser-

114 747 192 795 randa
202 746 301 794 iormula
318 746 364 792 ista
374 745 439 794 nuti
453 746 470 791 l.
482 748 522 794 42.
540 760 562 792 c.
577 747 617 793 28.
640 744 703 792 Cum
713 753 808 791 cenmm
823 751 849 790 et
867 743 1037 804 quinquaginta
1056 756 1105 787 non
1123 741 1196 788 minus

115 813 234 866 adessent,
245 819 364 873 praeeunte
376 809 448 856 verba
458 808 548 872 Lepido
559 807 676 856 Pontifice
688 809 798 863 maximo,
809 807 834 855 id
844 816 922 854 votum
934 813 1072 868 susceptum
1081 812 1127 853 est.
1159 805 1197 853 ld.

113 877 172 924 ibid.
181 891 203 923 c.
214 879 255 923 60.
265 874 317 922 init.
342 873 457 923 Cecidere
470 890 499 922 eo
516 874 554 921 die
569 874 600 921 ab
617 873 734 921 Romanis
750 872 847 921 ducenti
862 873 963 934 equites,
978 872 1027 917 duo
1043 869 1121 918 millis
1137 869 1197 917 baud

115 941 194 989 minus
203 939 319 1004 peditum.
351 940 391 989 ld.
404 941 421 986 l.
433 941 555 988 00.ο.18.
579 938 609 985 In
617 938 707 986 Senatu
716 945 810 987 centnm
819 953 867 985 non
881 936 959 983 minus
975 943 1053 983 erant.

359 1039 399 1084 11.
415 1036 486 1085 Nibil
495 1036 573 1084 minus
583 1041 607 1082 et
617 1036 692 1095 nibilc
702 1037 788 1098 magis,
798 1035 854 1083 vide
867 1034 945 1084 nuit.
958 1053 961 1059 ·

285 1118 325 1166 12.
342 1116 426 1166 Minus
435 1116 569 1180 minusque;
584 1117 696 1165 minusne
706 1117 784 1165 minru
791 1131 801 1174 ;
817 1116 894 1163 minus
904 1120 927 1164 et
939 1113 1025 1162 minua

148 1198 184 1246 Ut
199 1199 284 1259 magu,
304 1198 339 1244 ita
356 1198 433 1246 minus
449 1198 547 1244 iteratur
563 1195 690 1245 interdurn.
724 1198 820 1247 Terent.
829 1196 920 1246 Heuut.
933 1199 957 1243 ll.
968 1199 991 1243 2.
1008 1194 1071 1242 Nam
1082 1193 1142 1241 mihi
1152 1193 1199 1258 jan

116 1261 193 1310 minos
203 1262 326 1324 minusque
338 1263 483 1323 obtemperat
492 1261 606 1322 Clitipho.

146 1326 159 1351 ⁴
171 1327 205 1375 Ut
215 1327 291 1387 megia
298 1342 326 1375 ec
333 1320 410 1387 mepta
418 1325 526 1380 dicimus,
535 1326 577 1379 ita,
590 1340 725 1388 quanquam
736 1325 818 1380 rados,
830 1326 908 1372 dicere
920 1323 977 1371 licet
987 1323 1066 1372 miuus
1076 1338 1104 1371 ec
1116 1321 1200 1370 minus·

116 1392 184 1441 Pur.
194 1391 211 1439 l.
225 1394 265 1439 11.
275 1407 297 1440 c.
307 1395 346 1438 10.
363 1390 425 1438 Cum
434 1389 618 1452 advesperascit,
628 1405 686 1453 apes
694 1393 720 1436 in
731 1392 799 1438 nlvso
810 1395 917 1452 strepunt
927 1389 1039 1435 minusne
1050 1388 1139 1434 minus.

152 1456 223 1505 Ouid.
234 1456 251 1504 l.
263 1459 302 1504 11.
312 1456 411 1505 Metam.
424 1472 447 1503 v.
457 1458 514 1503 tua.
530 1453 602 1512 Quod
612 1456 720 1519 (cerpus)
731 1470 778 1519 qno
788 1454 864 1518 magis
874 1454 916 1501 illa
925 1460 1014 1508 tuetur,
1026 1452 1081 1500 Hoc
1091 1450 1169 1499 minus
1177 1452 1200 1497 et

116 1519 194 1569 murus
205 1526 243 1569 est
250 1520 345 1568 mentis.

317 1615 380 1664 ⁸¹1³.
396 1616 605 1678 Minus-megin
621 1616 799 1678 minus-plus;
815 1614 992 1665 minus-satis.

121 1692 124 1697 ’
151 1697 203 1746 Cic.
215 1695 231 1744 l.
242 1700 266 1744 2.
277 1697 306 1744 de
316 1695 400 1745 Dicin.
410 1712 431 1744 c.
442 1700 482 1745 72.
507 1696 589 1743 Metus
601 1696 646 1758 ipsi
657 1712 700 1758 per
717 1713 743 1744 se
758 1697 836 1744 minus
854 1697 968 1752 valerent,
982 1701 1009 1742 et
1024 1693 1100 1757 magis
1120 1703 1199 1741 conte·

116 1768 262 1827 maerentur,
270 1760 317 1807 nisi
324 1760 468 1808 somniorum
476 1760 632 1823 patrocinium
641 1760 947 1824 plrilosophisuscepissent.
971 1760 1018 1808 du.
1030 1760 1047 1805 l.
1055 1758 1157 1806 5.an.
1168 1772 1202 1819 ep·

118 1828 159 1874 1³.
194 1825 276 1874 Celsus
287 1826 303 1871 l.
315 1830 338 1873 1.
350 1841 370 1871 c.
381 1830 405 1874 2.
421 1824 451 1871 Id
460 1826 539 1887 ipsum
547 1826 617 1871 modo
626 1826 711 1884 minus,
719 1825 790 1871 modo
799 1825 874 1887 magii
882 1823 1017 1872 iaciendum
1029 1831 1074 1870 est.
1100 1822 1140 1871 ld.
1152 1823 1170 1868 l.
1180 1826 1203 1870 2.

116 1893 190 1938 c.ll.
216 1892 267 1937 Cic.
277 1890 292 1935 Ι.
303 1893 327 1936 0.
337 1890 405 1938 Fum.
414 1906 448 1951 ep.
460 1893 498 1935 11.
515 1889 545 1934 ln
563 1888 641 1935 studio
662 1889 740 1935 minus
756 1890 862 1943 tortasse,
885 1904 954 1951 quam
975 1888 1077 1935 vellem:
1095 1887 1120 1932 in
1137 1887 1204 1934 rebus

118 1960 189 2016 atque
200 1969 243 2000 usu
252 1953 305 2016 plns
316 1953 395 2008 etiam,
404 1968 475 2016 quam
486 1953 579 2013 vellem,
587 1961 702 2000 versatus.
734 1954 773 2001 lu.
778 1968 821 2015 pre
831 1954 901 2001 Sext.
909 1969 930 2000 c.
941 1956 981 2000 50.
999 1953 1048 1999 Eos
1058 1951 1147 1998 idcirco
1157 1966 1203 1997 non

118 2018 213 2080 appello
233 2019 278 2065 boc
297 2018 359 2072 loco,
377 2033 407 2064 ne
426 2032 480 2064 mea
498 2017 582 2080 oratio,
592 2017 612 2064 si
621 2017 698 2065 minus
713 2017 743 2065 de
754 2018 834 2080 aliquo
845 2017 935 2073 dixero,
953 2017 1055 2079 ingrata,
1072 2017 1093 2063 ei
1103 2015 1161 2063 satis
1173 2016 1202 2062 de

119 2081 400 2138 amathuntensium
412 2081 525 2129 videatur.
577 2080 582 2090 '

364 2177 379 2206 ⁸
390 2181 429 2226 14.
446 2177 612 2238 Minus-sed,
623 2179 660 2224 vel
670 2179 712 2226 sed
722 2183 807 2233 tomen,
817 2179 855 2225 vel
867 2184 952 2228 tumen.

154 2259 204 2306 Cic.
214 2274 257 2321 pre
268 2259 354 2306 Plane.
364 2273 386 2304 c.
396 2252 435 2305 30'.
452 2256 614 2320 Respondebo
632 2258 677 2305 tibi
694 2275 766 2320 nnnc,
777 2258 918 2315 Laterensis,
929 2258 1006 2306 minus
1022 2258 1122 2305 sortasse
1133 2257 1205 2305 vehe-

119 2329 220 2379 menter,
231 2322 274 2370 sed
285 2322 389 2384 proiecto
398 2337 443 2369 nec
452 2322 597 2370 considerate
609 2322 693 2378 minus,
703 2339 747 2370 nec
757 2324 834 2370 minus
845 2326 927 2371 amice.
953 2326 990 2372 ld.
1001 2324 1018 2370 l.
1028 2329 1053 2371 2.
1060 2325 1089 2371 de
1102 2325 1175 2370 Oret·
1184 2337 1205 2369 c.

120 2392 161 2437 14.
182 2387 229 2443 Qui
240 2387 308 2434 illum
315 2387 427 2449 impetum
437 2387 536 2435 oratoris
543 2402 589 2434 non
598 2388 692 2443 habeat,
699 2389 824 2434 vehemens
831 2389 928 2436 tortasse
937 2389 1023 2444 minos,
1033 2387 1077 2436 sed
1085 2387 1205 2449 aliquanto

118 2458 198 2498 tamen
214 2459 250 2499 est
268 2451 364 2505 dulcior.
399 2452 501 2507 Quintil.
511 2453 561 2502 14.
574 2467 595 2500 c.
608 2457 630 2501 1.
648 2452 678 2499 Id
687 2453 765 2500 minus
775 2454 912 2509 favorabile,
930 2454 1057 2516 aliqnando
1068 2459 1149 2500 tamen
1159 2462 1207 2499 non

119 2516 233 2564 inutiliter
243 2517 388 2564 assumimus.

569 2616 582 2679 ξ
599 2614 635 2663 ΙΙ.
651 2614 770 2662 Mrnrnrn.

154 2693 281 2745 LMinime
294 2692 347 2755 plns
364 2699 401 2741 est
415 2708 483 2756 quum
501 2697 587 2750 minus,
605 2696 709 2743 sednon
718 2696 814 2758 penitus
824 2702 904 2756 negat,
914 2695 935 2743 si
950 2695 998 2742 vim
1018 2694 1071 2757 ejus
1089 2694 1209 2758 propriam

121 2758 240 2819 spectes.¹
275 2759 326 2806 Cic.
338 2759 363 2804 ln
374 2759 449 2806 Brut.
459 2775 481 2806 c.
492 2763 532 2808 ot.
549 2758 597 2807 Sed
607 2759 665 2806 mibi
676 2761 786 2822 placebat
795 2760 939 2823 Pomponius
948 2761 1056 2815 maxime,
1068 2760 1107 2807 vel
1123 2759 1208 2813 dicam

122 2822 217 2869 minime
228 2822 375 2884 displicebat.
392 2823 522 2886 displerued
538 2841 575 2873 me
589 2840 644 2888 ueey
663 2825 723 2873 little
741 2826 833 2879 indeed,
845 2826 974 2888 diepleused
991 2841 1027 2873 me
1037 2826 1121 2886 burdly
1132 2829 1158 2873 ut
1168 2825 1209 2872 ull.

126 2887 207 2935 Coesur
219 2887 235 2933 l.
246 2890 269 2933 1.
285 2888 319 2935 B.
330 2889 363 2935 G.
379 2902 400 2934 c.
413 2893 436 2936 l.
453 2889 554 2937 Minime
573 2890 603 2936 ad
618 2904 660 2936 eos
676 2899 817 2937 mercatores
827 2904 891 2952 saepe
902 2895 1042 2936 commeant.
1077 2890 1130 2936 Cic.
1142 2888 1209 2936 110.

122 2951 193 3001 Fam.
204 2967 239 3014 ep.
252 2955 276 3000 1.
294 2952 373 3000 Homo
391 2952 487 3000 minime
507 2954 654 3009 ambitiosus,
670 2955 814 3015 minimeque
824 2953 848 2999 in
859 2955 965 3016 rogando
983 2954 1107 3000 molestus.
1124 2967 1208 3002 umen

122 3015 199 3064 ubere
208 3015 279 3065 uictos
289 3031 330 3064 ure
340 3032 367 3064 ue
371 3015 415 3074 fer
423 3021 529 3066 removed
534 3020 600 3077 from
610 3018 724 3067 ambitien
734 3035 761 3067 as
770 3034 818 3080 any
828 3017 900 3075 ene's,
915 3020 962 3066 und
973 3018 1024 3066 wie
1040 3020 1117 3066 would
1130 3017 1160 3066 be
1171 3018 1210 3066 tie

122 3079 170 3127 lut
181 3095 266 3141 person
282 3081 307 3129 br
322 3081 361 3129 tbe
380 3083 454 3129 world
472 3087 496 3129 to
512 3083 616 3138 intrude,
634 3086 675 3144 ξε.
713 3084 778 3131 Idt
793 3084 860 3131 Vecr.
873 3099 894 3129 c.
905 3087 945 3131 24.
962 3083 992 3128 In
1004 3083 1049 3129 hac
1064 3081 1211 3144 quadriremi

122 3152 219 3206 prepter
229 3146 340 3193 honorem
347 3152 372 3193 et
382 3147 481 3208 gratiam
489 3147 625 3195 Cleomenis
635 3147 733 3193 minime
744 3147 812 3194 multi
821 3148 921 3210 remiges
932 3154 957 3195 et
968 3146 1054 3194 milites
1066 3146 1173 3195 deerant.

486 3245 501 3272 ⁸
512 3248 535 3292 2.
552 3245 653 3293 Minime
664 3260 718 3291 cum
730 3245 841 3305 genitivo.

159 3320 210 3369 Cic.
217 3336 260 3383 pre
272 3321 342 3370 Rese.
354 3321 409 3373 Am.
420 3339 442 3370 c.
455 3327 494 3371 at.
512 3325 542 3371 Id
561 3324 591 3371 ad
606 3337 629 3372 te
640 3324 736 3371 minime
747 3326 849 3373 omnium
860 3329 1001 3389 pertinebat.
1033 3328 1072 3374 Ita
1083 3342 1149 3391 saepe
1157 3344 1212 3377 cnm

124 3382 197 3432 altero
209 3400 261 3432 casu
273 3385 376 3447 ponitur.
410 3387 465 3436 Huc
476 3389 538 3437 reier
550 3391 643 3438 Terent.
654 3388 755 3453 Adelpb.
773 3394 796 3438 3.
806 3397 830 3440 2.
846 3390 900 3438 Ab!
918 3393 1015 3440 minime
1026 3394 1143 3456 gentium.
1171 3394 1212 3443 Id.

125 3449 222 3499 Pberiu.
233 3454 257 3500 5.
264 3455 288 3501 9.

126 3524 129 3529 ’
514 3549 559 3599 *1.
575 3552 812 3602 mutuemus.

125 3629 269 3743 levgsicgupqu
281 3630 354 3679 Rure?
363 3630 418 3680 Am.
429 3646 451 3679 c.
461 3634 501 3680 38.
512 3640 571 3680 extr.
598 3633 629 3681 Id
644 3633 739 3682 minime
754 3634 847 3682 videtur
862 3649 931 3698 grave
947 3635 985 3691 iis,
1003 3635 1045 3699 qui
1058 3633 1157 3682 minime
1167 3635 1215 3699 ipsi

158 3907 167 3932 ¹
180 3906 275 3954 Veritas
286 3903 354 3971 hujus
365 3910 478 3971 praecepti
488 3918 587 3972 apparet
602 3912 702 3971 primum
713 3926 741 3958 ex
753 3910 790 3957 his
800 3909 921 3971 exemplis.
956 3908 1007 3957 Cic.
1018 3908 1036 3954 l.
1045 3911 1085 3956 14.
1097 3909 1170 3957 an·
1180 3924 1218 3972 ep·

125 3972 167 4017 1³.
193 3971 265 4027 Quod
279 3972 305 4018 in
319 3972 455 4020 miserrimis
470 3975 541 4023 rebus
555 3975 653 4022 minime
672 3975 785 4022 miserum
799 3973 901 4037 putabis,
919 3973 944 4020 id
957 3973 1040 4021 facies.
1074 3973 1113 4020 ld.
1124 3973 1142 4021 1.
1152 3977 1174 4021 1.
1186 3976 1218 4022 de

128 4032 180 4097 Off.
191 4049 214 4081 e.
223 4039 263 4082 et.
280 4034 363 4083 Omnis
379 4037 512 4085 adhibenda
529 4047 565 4086 est
581 4039 712 4102 diligentis,
729 4048 755 4087 nt
765 4055 794 4086 en
803 4039 825 4085 si
835 4053 883 4085 non
894 4039 986 4093 decore,
998 4044 1101 4099 utquam
1117 4038 1218 4085 minime

124 4097 243 4152 indecore,
255 4098 331 4162 iacere
343 4102 467 4162 possimus.
489 4104 541 4164 (Id.
553 4107 583 4150 14
596 4103 702 4166 Pbilipp.
714 4119 736 4151 c.
747 4108 771 4152 4.
796 4102 843 4151 Cui
853 4103 935 4165 viginti
946 4102 982 4150 his
993 4102 1060 4149 annis
1071 4102 1218 4164 snpplicatio

123 4160 219 4209 decreta
235 4169 281 4217 est,
306 4168 333 4209 ut
347 4179 395 4212 non
414 4167 540 4228 imperator
553 4169 719 4229 appellaretur,
737 4179 777 4215 aut
793 4168 895 4214 minimis
911 4169 982 4214 rebus
1002 4167 1085 4230 gestis,
1103 4176 1144 4214 aut
1161 4167 1215 4228 ple·

113 4241 218 4290 rumque
234 4226 331 4290 nullis.)
364 4228 462 4279 Deinde
478 4247 508 4280 ex
527 4231 637 4297 opposito
649 4232 762 4281 adverbio
775 4233 887 4280 manime.
919 4231 1026 4282 cteta
1046 4233 1115 4282 Fam.
1125 4247 1162 4294 ep.
1174 4234 1217 4279 10.

101 4291 141 4343 Ea
148 4292 252 4344 minime
261 4295 324 4346 mibi
334 4296 446 4348 miranda
459 4305 487 4347 et
496 4300 602 4349 maxime
612 4298 722 4363 jucunda
730 4296 880 4346 acciderint.
