2670 4636
179 209 237 269 164
499 204 670 266 Hortarn
701 203 943 265 TURSELLlNl
1172 207 1265 286 [acca
1322 244 1323 247 =

602 426 713 478 CAPUT
744 425 837 476 LXVI.

435 516 440 525 ’
544 527 593 586 Da
613 525 761 587 Adverbio
784 526 912 585 accan

209 641 223 705 q
234 639 255 688 1.
264 645 286 690 l.
296 639 364 688 Ecca
380 652 444 700 aaeps
460 636 493 700 (a.
504 638 594 702 potins,
605 637 758 703 plerumque)
768 637 918 702 repentinum
928 636 987 700 quid
1003 635 1108 686 ostendit
1123 651 1152 684 ac
1169 650 1266 685 novum.
1304 663 1306 666 ·

178 703 232 755 cte.
240 705 256 752 1.
267 709 291 753 8.
298 704 353 754 Ati·
393 707 435 752 .8.
454 703 583 766 Pompeius
598 720 680 752 omues
687 720 731 752 nos
740 702 892 766 expertessui
899 704 960 750 tanti
967 710 1050 750 actam
1057 701 1164 750 inusitati
1175 700 1268 750 consilii

174 767 332 832 relinquebat.
413 768 600 816 esubitoliteroe
611 767 760 816 Domitiiad
774 767 849 824 illum,
868 767 985 830 ipsiusad
1001 767 1119 814 consules.
1160 766 1200 815 Id.
1216 767 1233 814 1.
1244 770 1268 815 7.

173 831 229 944 ¹litt.
240 849 274 896 ep.
285 838 325 883 26.
345 831 416 882 xEcce
430 832 542 896 postridie
559 832 641 882 Cassio
651 834 726 881 lisere
737 833 829 898 Capua,
844 831 981 881 sLucretio
990 831 1100 880 familiari
1120 830 1181 895 ejus.
1211 830 1267 880 aas.

184 902 226 947 .2.
237 913 259 946 6.
270 902 311 948 66.

623 999 648 1045 2.
659 997 721 1045 Eece
730 999 817 1045 uatem.

206 1073 274 1138 Saepe
282 1073 394 1125 adsciscit
402 1081 489 1126 antem.
507 1075 558 1126 Cic.
569 1080 583 1124 6
596 1075 665 1126 Vm.
675 1092 696 1125 c.
709 1080 749 1126 64.
764 1077 829 1125 Ecce
843 1083 925 1124 autem
934 1084 1038 1138 repente,
1050 1075 1116 1124 ebrio
1125 1073 1266 1132 Cleomene,

173 1138 343 1188 dormientibus
352 1141 451 1198 caeteris,
465 1141 589 1189 nunciatur
602 1141 730 1205 piratarum
740 1156 814 1189 naves
824 1139 918 1189 adesse.
940 1141 980 1189 ld.
995 1145 1011 1189 6
1023 1140 1090 1191 Verr.
1101 1156 1124 1190 c.
1133 1144 1175 1189 66.
1201 1140 1264 1188 Ecce

173 1211 254 1251 antem
263 1220 325 1252 nova
334 1207 402 1252 turba
412 1212 484 1269 atque
494 1207 552 1253 rixa.
571 1207 609 1256 ld.
617 1221 661 1269 pro
674 1207 770 1256 Clserti.
778 1221 800 1254 c·
808 1212 832 1256 5.
849 1206 914 1253 Ecce
924 1213 1006 1254 autem
1015 1206 1120 1254 subitum
1130 1205 1266 1254 divortium.

174 1267 191 1298 ³
202 1268 241 1317 Id.
249 1270 267 1317 l.
276 1272 299 1317 1.
307 1270 402 1333 deIaeg.
411 1287 434 1320 6.
444 1273 469 1319 6.
480 1267 528 1320 eti
538 1272 608 1322 Verr-
616 1286 639 1321 c.
653 1275 678 1321 6.
696 1271 741 1334 (V.
753 1271 831 1321 Grsa.
843 1270 874 1319 66
886 1270 940 1319 Lis.
950 1270 966 1318 l.
977 1275 1002 1321 6.
1013 1287 1035 1320 6.
1043 1269 1098 1334 66.)

617 1368 649 1403 1*
662 1372 686 1418 6.
699 1368 748 1418 Sed
758 1383 816 1418 ecee.

205 1442 268 1493 Cum
285 1447 311 1494 in
322 1449 437 1496 sanando
448 1449 567 1512 posterius
576 1448 664 1512 aliquid
677 1449 806 1512 opponitur
821 1447 902 1511 priori,
914 1447 1010 1512 ponitur
1021 1447 1141 1496 interdum
1150 1450 1193 1497 666
1207 1464 1267 1498 ecee.

175 1511 226 1559 Cic.
243 1511 259 1558 l.
268 1516 292 1560 8.
303 1512 358 1562 Aa.
369 1528 403 1575 ep.
414 1518 437 1563 6.
451 1513 528 1562 Navis
538 1522 563 1562 et
578 1515 603 1562 iu
619 1514 704 1578 Csjeta
715 1520 753 1562 est
772 1521 855 1577 parata
869 1513 939 1561 nobis
949 1520 976 1561 et
985 1512 1116 1560 Brundisii.
1148 1512 1196 1560 Sed
1208 1529 1265 1562 ecce

172 1575 263 1633 nuncii,
273 1576 391 1627 scribente
401 1594 440 1628 me
450 1580 503 1628 hnc
513 1579 566 1644 ipsa
575 1587 648 1628 noctu
664 1578 690 1627 in
705 1578 804 1636 Caleno,
815 1593 871 1628 ecce
882 1578 966 1627 litera.
983 1578 1022 1628 Id.
1031 1579 1056 1626 in
1070 1579 1147 1630 Brut.
1157 1593 1180 1629 6.
1190 1581 1233 1628 66.

636 1681 660 1726 d.
671 1679 732 1728 ane
748 1678 801 1726 tibi.

205 1753 316 1804 Assumit
335 1757 456 1806 interdurn
476 1774 606 1824 pronomen
627 1760 681 1814 tibi,
696 1759 822 1822 elegantiae
844 1773 923 1806 causa.
958 1757 1073 1806 01616.
1091 1756 1168 1806 Acad.
1190 1771 1213 1804 6.
1223 1760 1264 1805 68.

172 1817 235 1868 Ecce
246 1821 291 1869 tibi
302 1829 458 1871 etransverso
468 1823 646 1888 Lampsacenus
656 1824 745 1872 Strato.
767 1825 808 1873 Id.
817 1839 862 1887 pro
875 1825 969 1872 clueat.
979 1838 1002 1870 c.
1011 1826 1053 1872 68.
1069 1821 1134 1870 Ecce
1144 1821 1191 1869 tibi
1203 1820 1265 1885 ejus·

172 1884 238 1932 modi
248 1887 348 1941 sortitio,
358 1893 386 1934 ut
396 1894 441 1937 cet.
475 1888 512 1937 16.
523 1888 579 1938 Ast.
589 1890 606 1935 1.
614 1893 639 1938 2.
649 1904 685 1952 ep.
695 1893 735 1937 16.
752 1887 815 1937 Cum
825 1890 878 1936 hec
887 1887 993 1935 maxime
1003 1886 1140 1944 eminerem,
1150 1901 1208 1934 eccs
1219 1886 1265 1934 tibi

172 1942 285 1998 Sebosus.
307 1951 322 1981 ¹
334 1949 428 2018 61661.Ι
440 1957 464 2002 6.
476 1955 505 2002 66
515 1953 567 2019 Off.
575 1956 645 2001 621.
656 1961 682 2001 et
690 1953 708 2001 l.
719 1957 742 2002 6Ι
754 1952 809 2002 Ast.
819 1969 855 2016 ep.
866 1957 891 2002 8.

311 2046 326 2079 i
338 2054 362 2097 ⁵.
373 2051 436 2101 Eece
444 2050 470 2098 in
481 2041 670 2099 enumeratione.
702 2051 771 2115 (post
785 2051 855 2114 plura
871 2049 980 2098 membra
990 2047 1123 2113 inprimis.)

206 2127 266 2178 Este
282 2129 307 2176 in
321 2130 498 2179 enumeratione
519 2131 616 2194 ponitur
638 2131 882 2188 nominatissimos,
900 2138 1055 2195 posteaquam
1076 2130 1125 2177 alia
1146 2129 1266 2178 mirabilia

171 2199 265 2239 amata
275 2202 339 2241 sunt.
349 2196 400 2243 Cic.
412 2196 427 2242 1.
439 2199 462 2245 1.
475 2198 560 2253 Quint.
573 2198 617 2245 Fr.
626 2213 662 2258 ep.
674 2200 698 2245 6.
715 2197 778 2245 Ε666
789 2212 859 2260 supra
869 2204 942 2260 caput
952 2197 1022 2243 horno
1033 2194 1095 2242 levis
1105 2210 1133 2242 ac
1144 2195 1265 2259 sordidus,

153 2285 157 2294 ·
170 2255 215 2303 sed
224 2263 304 2305 tamen
321 2262 426 2322 equestri
445 2276 527 2318 censu,
545 2259 670 2311 Catienus.
703 2262 743 2311 Id.
755 2263 772 2308 l.
784 2266 808 2311 2.
820 2263 849 2310 66
861 2263 933 2311 Orot-
943 2275 964 2309 c.
975 2262 1016 2310 26.
1027 2260 1078 2309 etl.
1089 2264 1114 2309 6.
1123 2274 1146 2310 6.
1156 2262 1181 2308 6.

504 2377 506 2379 ’
546 2359 561 2388 ³
572 2364 596 2408 6.
611 2361 671 2410 Eece
685 2359 712 2407 in
723 2359 882 2423 oppositione.

205 2435 257 2486 css.
266 2435 292 2484 in
306 2439 376 2487 Orat.
386 2454 409 2486 c.
418 2443 458 2487 16.
475 2438 606 2488 Elaborant
622 2440 664 2487 alii
675 2439 701 2486 iu
716 2439 823 2487 lenitate.
852 2439 915 2487 Ecce
926 2438 1001 2500 aliqui
1010 2436 1139 2485 dummtem
1153 2445 1179 2485 et
1195 2452 1265 2486 seve-

169 2500 264 2550 ritatem
277 2502 396 2564 quandam
412 2504 500 2567 verbis,
519 2511 545 2552 et
555 2505 666 2552 orationis
676 2504 743 2567 quasi
753 2504 887 2552 maestitiam
897 2510 1039 2565 sequuntur.
1069 2502 1110 2552 16.
1122 2503 1139 2549 1.
1149 2506 1176 2551 d.
1187 2501 1266 2552 Acuti.

170 2569 400 2697 &maenala
411 2572 482 2618 c.10.
492 2579 518 2616 et
528 2571 546 2616 l.
554 2573 578 2618 1.
586 2571 615 2618 66
624 2570 682 2619 Ft'a.
693 2571 763 2619 o.18.
780 2568 853 2636 (llaec
863 2568 894 2617 ad
901 2583 1023 2617 numerum
1033 2567 1180 2631 superiorem
1190 2568 1265 2616 etiam

288 2731 302 2794 §
313 2728 348 2780 11.
358 2730 398 2779 Eu
409 2731 482 2780 etiam
493 2729 676 2801 demonstrantis
686 2739 731 2789 est,
742 2738 785 2779 aut
793 2731 915 2795 repentini
925 2730 982 2795 quid
999 2729 1145 2781 admirantis.
1164 2694 1175 2710 λ

584 2814 599 2844 ³
613 2819 636 2865 1.
648 2815 687 2863 En
697 2813 845 2863 admirantis.

206 2893 243 2942 Ea
254 2893 327 2941 servit
344 2892 503 2943 admirationi.
538 2895 615 2946 Varro
625 2895 644 2943 l.
656 2900 678 2944 1.
693 2897 723 2944 lt.
741 2897 774 2944 R.
786 2897 843 2944 66.
864 2895 925 2944 Sunt
941 2893 1050 2956 regiones
1067 2892 1132 2941 inter
1147 2891 1264 2941 circtrlnm

168 2958 379 3020 septentrionalem
397 2968 424 3007 et
442 2959 504 3008 inter
520 2960 639 3008 cardinem
657 2960 718 3017 coeli,
740 2961 783 3009 nbi
802 2961 837 3009 sol
859 2960 930 3008 etiam
947 2973 990 3006 sex
1008 2957 1133 3006 mensibus
1141 2958 1265 3006 coutinuis

168 3020 216 3069 non
226 3023 329 3071 videtur.
367 3024 517 3074 Fundanius.
527 3024 565 3071 En
576 3025 609 3071 ibi
621 3032 646 3072 tn
656 3026 783 3089 quicquam
795 3025 861 3074 nasci
872 3032 943 3088 putas
953 3039 1033 3086 posse,
1050 3030 1093 3071 aut
1101 3023 1149 3070 coli
1162 3024 1265 3071 natum?

168 3085 231 3148 (Sed
242 3087 267 3134 in
276 3088 342 3136 libris
349 3087 519 3151 antiquioribus
525 3098 551 3137 st
556 3089 694 3138 melioribus
712 3098 750 3136 est
765 3106 802 3139 em
820 3105 863 3152 pro
882 3091 941 3145 bem,
952 3087 1016 3151 quod
1027 3087 1101 3134 etiam
1113 3088 1265 3138 Gesneriaaat

166 3151 206 3198 ed.
218 3152 297 3201 lrabst.
329 3151 1185 3218 6116661.16666666666611616Μ661666666616166166166.)
1269 3156 1276 3167 “

599 3253 624 3298 6.
635 3252 675 3300 Eo
685 3249 825 3298 inridentis.

201 3314 239 3362 En
251 3328 299 3362 non
309 3313 387 3362 solum
397 3314 580 3364 demonstrantis
590 3321 635 3370 est,
645 3316 765 3363 interdurn
773 3315 903 3363 irridentis.
938 3315 991 3363 cac.
1004 3317 1014 3362 l
1028 3313 1097 3364 Vera.
1108 3328 1131 3361 c.
1141 3315 1182 3362 tt.
1202 3312 1264 3361 Herc

167 3385 205 3426 est
221 3380 292 3427 istius
308 3380 421 3443 preclara
431 3380 520 3429 tutela:
540 3383 572 3427 en
583 3380 623 3428 cui
632 3386 686 3428 tuos
696 3380 783 3427 liberos
794 3381 942 3429 committas:
961 3395 992 3427 en
1001 3378 1117 3427 memoria
1125 3378 1215 3426 mortui
1225 3393 1264 3425 so·

168 3442 243 3491 dalis:
261 3459 291 3492 en
303 3451 380 3494 metus
389 3445 497 3493 vivorum
515 3443 703 3492 existimationis.
720 3439 784 3494 See!
806 3446 855 3494 rtis
870 3446 892 3494 is
911 3445 950 3495 tite
967 3458 1031 3499 mart,
1044 3443 1119 3492 whom
1128 3457 1175 3505 poss
1186 3458 1228 3492 are
1238 3449 1264 3492 to

168 3513 262 3558 estmst
276 3510 337 3558 wita
355 3509 395 3560 tlte
404 3513 467 3560 'care
482 3508 511 3568 os
523 3524 583 3572 your
592 3509 713 3586 children:
731 3510 779 3559 iltis
789 3510 811 3558 is
822 3510 861 3559 tte
871 3510 956 3573 sospita
966 3508 1044 3585 *saaca
1055 3508 1084 3556 lte
1093 3506 1264 3583 euastatis

167 3574 770 3704 lassataslasatas
777 3574 917 3695 titt-⁰5
926 3571 1264 3686 ltdltll'tlttt:

169 3703 208 3752 Id.
220 3707 235 3751 6
247 3704 337 3769 Ptittp.
348 3721 371 3753 c.
381 3709 406 3754 9.
428 3702 464 3752 Eu
474 3720 516 3753 cur
525 3704 638 3767 magister
647 3703 701 3767 ejus
712 3719 740 3750 ex
752 3712 846 3752 oratore
856 3711 934 3751 arator
943 3702 1022 3750 factus
1034 3702 1076 3749 sit.
1109 3697 1170 3750 See!
1181 3701 1232 3749 tisis
1241 3701 1265 3749 ia

166 3769 207 3818 tlte
224 3783 307 3817 reason
326 3769 454 3833 aalysrnm
469 3784 500 3818 on
517 3775 597 3819 orator
613 3770 642 3818 te
659 3769 703 3818 bus
719 3768 808 3818 1666666
823 3784 838 3817 a
854 3769 1000 3816 1666661666.
1015 3766 1101 3830 (immo
1117 3770 1202 3815 arctor
1216 3772 1264 3826 est,

167 3832 409 3895 qnipraediarustics
424 3833 505 3888 habet,
515 3833 579 3895 quod
599 3847 674 3896 genos
690 3833 813 3880 hominum
832 3832 918 3881 dieitur
932 3846 1010 3887 arare,
1033 3829 1126 3878 etiamsi
1144 3830 1264 3882 rttstiaum

167 3912 228 3959 opus
240 3914 287 3945 unu
297 3898 364 3946 facit.
395 3899 443 3948 Sed
454 3899 528 3952 lusus,
547 3897 589 3960 qui
605 3905 644 3944 est
660 3897 686 3944 in
697 3896 791 3952 Latino,
808 3899 833 3945 in
849 3896 975 3944 remaculs
994 3895 1097 3958 exprimi
1107 3909 1157 3942 non
1172 3901 1277 3958 potest..

167 3959 257 4009 Verte:
274 3977 318 4012 one
328 3979 413 4025 moron
423 3963 476 4012 ricla
485 3963 518 4010 all
527 3970 554 4011 at
561 3977 634 4021 once,·
650 3977 682 4010 aa
691 3967 794 4023 apricat.
826 3961 841 3990 ³
850 3962 904 4011 Lis.
917 3962 933 4009 l.
943 3965 981 4009 10.
992 3978 1014 4009 6.
1025 3965 1049 4009 8.

201 4139 220 4168 ¹¹
233 4136 336 4186 Videtur
344 4140 423 4186 multis
433 4139 566 4203 interjectio
579 4153 640 4194 esse,
658 4146 683 4186 et
700 4146 758 4188 nota
777 4138 863 4187 urentis
880 4140 911 4186 ob
927 4153 975 4185 rem
986 4137 1090 4186 subitam
1099 4132 1255 4185 exclamantis

218 4201 225 4212 Ι
936 4202 942 4213 ι

157 4202 321 4265 Coanrgr'tur
329 4204 394 4252 enim
404 4218 470 4270 saeps
480 4220 535 4253 cum
543 4203 616 4252 verbo
625 4203 692 4253 video
714 4211 760 4253 cet.
782 4203 844 4274 Ergo
863 4203 903 4251 vix
924 4202 1056 4266 significare
1073 4209 1163 4268 potest.
1184 4169 1265 4268 (aete

142 4264 192 4329 da)
203 4267 334 4320 66616666.
350 4269 380 4321 V.
395 4271 537 4325 Grammat.
546 4279 622 4323 nostr.
630 4286 656 4339 p.
667 4272 742 4321 1088.
