2670 4636
60 261 152 338 sir]
407 261 461 320 un
483 257 800 319 rnerrouusee.
1097 264 1160 322 rer

59 405 236 456 Discubuinrus
246 413 432 470 omneeprteter
440 406 516 455 illum.
545 407 608 455 lbid.
616 407 635 454 l.
646 410 670 455 4.
680 408 754 469 epcss.
763 407 781 453 1.
793 410 833 455 te.
843 421 879 468 ep.
891 411 932 455 23.
953 409 1010 457 Die.
1021 409 1159 459 1.3.ε.23.

57 471 113 519 Nos
131 473 239 520 omnium
257 487 332 519 return
351 479 496 534 respectum,
512 479 667 534 preterquam
686 471 802 530 victorie,
816 472 886 518 uobis
899 472 1077 524 ebscindumus.
1093 475 1158 524 leid.

56 536 536 652 paepsslgtrtpcpprrreprpnpbprcptleppuum
547 536 704 583 multitudinis
719 551 776 598 sum,
790 535 941 632 immemores
949 539 1057 599 prelium
1068 539 1160 590 ineunt.

475 683 489 710 ¹
503 685 540 728 13.
561 681 734 730 Omnis-nisi.

94 761 146 810 cte.
156 762 174 808 l.
185 765 224 811 13.
237 763 306 812 de.
318 776 354 825 ep.
367 766 388 810 1.
406 761 469 811 Mihi
481 777 536 810 cum
551 760 654 809 Patrone
671 761 750 808 omnia
764 761 896 810 communia
913 769 978 820 stunt,
993 763 1041 821 nisi
1053 767 1117 828 quod
1131 766 1158 819 in

57 827 214 890 philosophia
229 829 385 875 vehementer
396 827 426 874 sb
437 843 466 874 eo
477 827 601 882 dissentio.
636 828 674 875 ld.
685 828 714 875 de
726 827 787 875 Not.
799 827 833 875 D.
845 827 862 873 l.
874 834 899 873 et
909 843 931 874 c.
943 828 967 875 3.
984 826 1050 877 Inter
1066 849 1157 890 ornnes,

57 891 106 938 nisi
118 892 246 940 admodum
256 893 351 955 impios,
362 892 481 939 convenit.

409 987 422 1011 ⁸
434 990 473 1036 14.
493 989 588 1045 Omnes,
599 989 681 1050 magni
689 988 810 1051 porcique.

93 1071 149 1118 Lio.
161 1072 178 1118 l.
190 1075 212 1118 l.
224 1087 245 1118 c.
257 1075 296 1118 31.
315 1069 398 1116 Tullus
418 1077 517 1130 repente
540 1068 657 1124 omnibus,
678 1069 771 1130 magnis
792 1069 927 1132 parvisque,
950 1073 1159 1134 superstitionibus

58 1135 178 1182 obnoxius
198 1136 308 1198 degebat.
342 1133 381 1182 lo.
392 1135 410 1180 l.
421 1136 461 1181 33.
472 1150 494 1181 c.
506 1138 529 1182 1.
556 1133 690 1196 Imperator
705 1141 761 1180 ante
779 1148 883 1196 pugnem
899 1135 987 1191 omnia,
1007 1152 1094 1199 magna
1105 1156 1158 1203 per·

58 1215 148 1261 eaque,
158 1200 333 1247 communicare
345 1215 398 1246 cum
415 1199 485 1246 sociis
499 1199 586 1246 solitus
599 1207 644 1247 est.
677 1200 718 1246 Sic
728 1200 790 1254 ‚item
803 1215 881 1248 omnes
892 1201 992 1249 mummi
1002 1201 1101 1251 minimi.
1119 1205 1158 1253 Id.

57 1266 76 1311 l.
88 1269 128 1314 34.
141 1281 163 1313 c.
175 1268 214 1313 18.
246 1263 276 1311 In
287 1264 383 1312 consule
395 1278 424 1310 ee
434 1263 471 1310 vis
482 1263 556 1310 animi
575 1270 646 1326 atque
663 1262 755 1326 ingenii
764 1263 818 1319 fuit,
831 1271 860 1311 ut
876 1265 955 1312 omnis
969 1268 1075 1315 maxime
1090 1269 1159 1316 urini-

58 1344 146 1391 maque
162 1343 206 1392 per
222 1344 248 1376 se
264 1328 341 1376 adiret
359 1335 531 1392 atqueageret.
551 1328 602 1377 Cle.
615 1330 685 1376 Oret.
704 1344 727 1375 c.
737 1331 778 1377 22.
795 1327 850 1376 Hoc
868 1345 961 1393 semper
975 1346 1115 1394 usurpamus
1133 1334 1159 1382 in

58 1395 170 1442 erunibus
178 1393 250 1442 dictis
259 1402 285 1440 et
295 1390 373 1449 iactis,
385 1392 486 1440 minimis
495 1399 520 1439 et
528 1392 642 1440 maximis.
656 1393 693 1441 ld.
705 1392 721 1439 l.
731 1396 755 1442 3.
769 1393 816 1448 Qu.
825 1394 869 1442 Fr.
878 1409 914 1457 ep.
926 1400 949 1443 1.
969 1394 1055 1443 Omnia
1061 1398 1160 1446 minime

58 1459 162 1506 maxims
176 1458 207 1506 ad
219 1458 341 1508 Caesarem
360 1455 424 1505 mitti
440 1458 553 1504 sciebant.
592 1456 647 1504 Huc
665 1456 728 1504 refer
745 1465 771 1504 et
784 1457 844 1505 illud
859 1459 927 1509 Livii
942 1461 957 1508 Ι.
974 1461 998 1508 3.
1009 1476 1032 1510 c.
1049 1465 1089 1512 34.
1108 1462 1160 1511 De·

58 1525 157 1572 cemviri
168 1525 294 1579 dixerunt,
299 1539 325 1570 se
335 1522 454 1580 omnibus,
466 1521 571 1578 summis,
580 1520 677 1577 infimis,
683 1521 737 1586 jure
748 1537 865 1584 aeqnesse.

493 1617 508 1647 ⁸
520 1623 558 1667 15.
577 1617 725 1666 Admonitio.

95 1701 182 1751 Omnis
192 1709 218 1749 et
233 1700 309 1766 quivis
324 1701 386 1748 bene
404 1707 461 1746 suot
477 1696 641 1746 discernenda.
674 1696 803 1762 Nunquam
815 1699 878 1746 enirn
897 1701 974 1751 omnis
988 1701 1092 1765 ponitur,
1104 1719 1159 1753 cum
1175 1748 1177 1754 ,

58 1766 98 1813 vel
117 1765 328 1829 subintelliguntur
344 1765 381 1812 vel
399 1765 470 1828 plene
486 1762 646 1825 exprimuntur
663 1763 751 1810 verbo:
769 1764 921 1815 wlroteoerit
937 1781 990 1830 moy
1007 1767 1042 1816 be.
1077 1769 1160 1817 Goesor

59 1832 95 1880 Β.
107 1832 140 1881 G.
151 1833 170 1879 l.
181 1837 206 1879 2.
219 1848 241 1879 c.
252 1834 292 1880 31.
303 1832 317 1894 §
329 1834 353 1878 3.
378 1829 481 1893 Legatos
496 1829 610 1876 miserunt
627 1826 718 1883 Nervii,
728 1827 770 1891 qui
781 1827 897 1886 dicerent,
909 1829 955 1878 sibi
971 1830 1092 1894 proestare,
1104 1835 1123 1880 si
1133 1835 1159 1882 in

58 1911 116 1943 eum
133 1911 214 1943 casum
230 1896 412 1950 deducerentur,
431 1894 536 1957 quamvis
547 1894 692 1941 fortunama
707 1893 796 1956 populo
814 1893 847 1940 R.
863 1893 921 1956 peti,
932 1909 1001 1956 quem
1018 1898 1048 1945 ab
1064 1899 1101 1944 bis
1116 1915 1160 1962 per
1187 1942 1188 1947 ,

58 1961 190 2009 cruciatum
200 1961 310 2008 interfici.
326 1960 347 2009 it
357 1974 417 2008 were
428 1960 511 2022 better,
523 1959 575 2008 tbol
587 1960 641 2022 they
651 1957 735 2007 eboold
745 1964 871 2006 encounter
885 1974 953 2023 euerp
963 1963 1050 2023 spectes
1060 1965 1089 2019 of
1101 1966 1159 2013 mir·

51 2024 164 2088 fortune,
180 2027 300 2076 whatever
314 2025 367 2073 tbut
389 2025 467 2086 might
484 2025 519 2077 be,
538 2029 564 2072 ut
582 2023 621 2072 tlte
640 2024 715 2070 tanos
734 2022 763 2080 os
773 2023 812 2070 tlte
830 2023 922 2072 Romen
939 2026 1027 2088 propte,
1045 2027 1103 2077 tlon
1115 2024 1159 2092 'pa

62 2089 115 2138 cte.
125 2091 143 2137 l.
155 2093 179 2138 2.
191 2091 260 2141 Fum-
271 2105 307 2153 ep.
318 2093 357 2138 17.
374 2089 488 2136 Permulti
496 2087 527 2135 ad
538 2102 575 2134 me
586 2088 731 2142 detulerunt,
742 2086 855 2135 Bibulum
866 2089 959 2135 solitum
969 2089 1056 2148 dicere,
1065 2091 1160 2154 quidvis

59 2170 87 2202 se
97 2155 194 2218 perpeti
208 2157 289 2209 malle,
301 2169 373 2216 quum
382 2155 457 2201 videri
468 2153 562 2216 eguisse
579 2151 669 2199 auxilio
678 2166 742 2199 meo.
772 2151 841 2263 §Hoc
851 2152 978 2202 discrimen
995 2171 1044 2202 non
1058 2165 1094 2203 est
1107 2158 1159 2221 per·

59 2227 176 2281 petuumr
193 2235 272 2284 neque
290 2221 367 2267 minus
384 2218 481 2282 quiduis
497 2227 539 2264 out
558 2217 647 2280 queem
662 2216 755 2278 perpeti
789 2218 855 2265 icunt
873 2218 930 2265 boni
948 2228 1064 2276 auctores,
1086 2237 1159 2284 quam

57 2284 138 2332 omnio
145 2286 206 2346 puti-
237 2284 310 2348 Apud
326 2285 380 2333 Ter·
389 2283 468 2332 Andr.
479 2288 502 2332 1.
515 2287 538 2330 l.
565 2281 646 2329 Facile
657 2296 741 2328 omnes
751 2283 855 2345 perferre
864 2297 892 2330 ae
902 2284 960 2346 pati.
969 2284 1077 2333 licuisset
1087 2287 1158 2334 etism

58 2348 142 2397 dicere
153 2350 256 2412 quossis
275 2350 327 2399 Cic.
339 2355 355 2397 5
370 2349 438 2398 Vm.
450 2363 473 2396 c.
485 2351 525 2397 13.
541 2347 576 2396 Ut
585 2346 693 2394 homines
704 2346 799 2408 quidvis
808 2347 902 2411 perpeti
912 2349 1011 2397 mallent
1019 2349 1079 2414 oet.)
1153 2393 1157 2405 ,
1170 2376 1174 2384 ·

472 2530 486 2558 “
504 2529 618 2578 CAPUT
640 2526 750 2584 CLXVI.

426 2647 476 2706 De
500 2643 649 2704 Aduerbio
671 2642 802 2702 Potiu.

93 2771 118 2816 1.
134 2765 231 2814 Psrsu
247 2765 387 2814 eontrarium
402 2763 476 2811 hebet
491 2762 530 2810 vel
540 2763 643 2811 obscure.
664 2762 715 2810 Cic.
720 2776 764 2824 pro
774 2761 832 2811 Mit
844 2778 866 2810 c.
877 2764 916 2810 16.
933 2762 1020 2811 Omnia
1030 2780 1078 2812 non
1087 2764 1163 2816 modo·

59 2849 114 2896 quae
124 2831 265 2894 reprehendi
275 2831 361 2894 palam,
369 2827 413 2877 sed
423 2829 496 2876 etiam
504 2843 557 2890 quae
568 2828 667 2875 obscure
677 2826 775 2888 cogitari
784 2834 890 2887 possunt,
901 2825 1021 2875 timemus.
1037 2830 1062 2877 ἐπ
1070 2827 1170 2895 pedites

59 2898 139 2957 before
147 2897 181 2945 oll
191 2897 230 2945 tlte
241 2897 322 2944 world.
350 2894 426 2943 ldie
438 2893 492 2942 Pis.
502 2909 524 2939 c.
536 2896 560 2941 2.
572 2889 620 2940 vel
630 2892 727 2940 occulte.
754 2897 770 2938 6
785 2890 851 2939 Verr.
862 2907 884 2938 c.
894 2894 934 2940 22.
952 2892 1020 2948 llaec,
1032 2908 1084 2956 quae
1097 2896 1160 2957 dico,

60 2963 150 3012 Verres
159 2974 207 3008 non
218 2961 320 3024 occulta,
332 2974 379 3006 non
391 2973 435 3021 per
446 2957 535 3005 amicos
543 2963 615 3019 utque
624 2955 775 3017 interpretes,
785 2957 828 3002 sed
844 2954 922 3018 pelam
938 2957 968 3004 de
979 2957 1033 3005 loco
1041 2960 1160 3021 superiore

58 3028 148 3088 egebat
157 3039 200 3088 pro
211 3025 311 3088 imperio
322 3029 482 3088 etpotestete.
495 3021 607 3085 publictp.
634 3021 681 3068 Vel
692 3023 759 3068 cloes.
776 3021 836 3068 lbtd.
845 3035 868 3068 c.
879 3023 919 3069 6⁰.
936 3021 961 3069 Si
972 3023 1026 3084 quis
1037 3024 1098 3071 clam
1106 3040 1158 3072 sur·

31 3240 35 3253 ¹
58 3189 130 3270 Led:
139 3236 161 3269 c.
171 3170 211 3268 bd
235 3219 287 3276 Qui
298 3235 347 3266 non
357 3225 414 3266 sunt
423 3167 540 3272 ediocati,
550 3214 567 3263 ii
579 3232 625 3264 uec
646 3217 726 3279 palem
736 3229 782 3263 nec
793 3224 883 3264 secreto
890 3215 981 3281 jactent
993 3219 1093 3267 consilia
1106 3236 1158 3271 sus.

59 3284 127 3334 Add.
141 3285 218 3334 Tacit.
235 3285 252 3330 l.
263 3289 288 3332 2.
303 3284 369 3333 Atre.
379 3285 450 3331 c.l2.
467 3283 516 3346 §2
534 3281 580 3328 Vel
589 3281 688 3341 furtim.
723 3280 774 3328 ce.
785 3280 801 3329 l.
818 3283 843 3328 2.
858 3283 888 3330 de
906 3281 967 3331 Not.
984 3284 1058 3332 Deor.
1075 3300 1098 3333 c.
1116 3291 1157 3335 63.

58 3349 153 3411 Bestiae
163 3349 240 3396 lentim
252 3350 369 3402 fruuntur,
380 3348 469 3395 domini
479 3347 560 3411 palum
569 3354 594 3394 et
603 3347 686 3394 libere.
712 3345 776 3393 And.
789 3347 865 3394 Tacit.
875 3346 891 3392 l.
901 3351 939 3397 13.
951 3363 973 3395 c.
983 3351 1081 3411 6411.
1110 3350 1158 3399 Vel

59 3416 142 3465 tacite.
170 3413 221 3463 trie.
237 3415 256 3461 1.
269 3418 310 3463 24.
328 3429 351 3461 c.
362 3416 402 3461 14.
419 3413 526 3460 Volones
541 3410 592 3473 jem
609 3410 709 3459 alterum
724 3425 813 3458 annum
831 3411 964 3459 libertatern
982 3415 1054 3461 tacite
1064 3416 1159 3472 mereri,

43 3478 352 3542 'quumpostularepulsm
364 3478 507 3525 maluerant.
531 3476 578 3523 Vel
589 3475 664 3522 intus.
700 3475 777 3522 Tacit.
793 3475 811 3523 l.
825 3480 849 3523 4.
861 3475 926 3524 Aoo.
938 3481 994 3525 ol.
1010 3480 1059 3541 §b
1076 3479 1158 3528 Peleus

59 3544 206 3606 compositus
223 3550 274 3590 eret
288 3545 372 3606 pudor,
391 3542 457 3588 intus
471 3555 561 3588 summa
574 3538 697 3600 apiscendi
714 3538 798 3586 libido.
815 3543 955 3603 ootwordly,
972 3545 1114 3607 exteruolly‚
1133 3546 1158 3593 t'rt

59 3611 168 3658 oeteoerd
185 3608 495 3672 oppeurauoe‚-imoardty,
510 3604 603 3658 within,
614 3603 641 3650 itt
651 3603 692 3650 tbe
701 3602 789 3651 beort’e
799 3616 859 3651 core.

474 3717 510 3781 (2.
527 3717 614 3766 Polam
625 3713 753 3776 abundet.)

95 3804 174 3853 Ciel
189 3805 258 3854 terr.
268 3819 289 3850 c.
299 3807 340 3850 so
357 3801 448 3855 Polam,
459 3807 514 3846 ente
522 3796 725 3847 oeulosomniurn.
741 3782 868 3847 states.
879 3813 901 3847 c.
910 3802 949 3848 ts.
967 3799 1058 3855 Palam,
1070 3801 1160 3851 duobus

58 3869 205 3917 exercitibus
215 3868 373 3916 audientibus.
455 3892 457 3897 ·

471 3993 584 4045 cerui·
612 3961 741 4041 cuxvu.

270 4152 273 4159 ·
333 4079 336 4086 ι
418 4087 506 4169 ¹De
532 4105 761 4168 NominePnn.

95 4244 118 4288 l.
136 4237 195 4287 Psrr
213 4239 309 4303 proprie
328 4245 366 4286 est
378 4239 478 4302 optolit
495 4252 523 4286 ec
537 4251 604 4300 serpe
621 4234 728 4283 obsolute
745 4232 854 4299 ponitus-
888 4232 1180 4288 oecumenem.
1252 4226 1254 4230 ⁵

59 4322 81 4355 c.
92 4307 132 4352 13.
149 4302 213 4352 Huic
223 4304 339 4351 celeritati
351 4303 473 4366 pernulla
488 4319 521 4352 ne
536 4302 639 4367 cogitari
654 4303 755 4370 quidem
771 4307 866 4367 potest.
900 4302 942 4351 ld.
952 4302 1012 4353 lst-
1026 4303 1106 4351 deur.
1116 4307 1217 4363 epte.-

1112 4545 1245 4600 Α
1285 4591 1291 4599 .
