2670 4636
62 245 238 338 snrsnnrJ'
422 239 478 312 DE
507 237 750 315 restitutis
772 251 831 304 ete.
858 231 865 273 ⁵
1133 244 1175 304 94

297 437 316 456 -,,
384 441 388 448 .
431 399 501 466 §IV-
512 400 552 452 De
562 401 683 453 Adorrbio
699 401 818 452 Damna.

389 486 416 536 1.
427 483 540 543 Deiader
555 482 708 544 afterwards,
719 489 787 539 next,
798 484 862 535 ties.

102 566 150 615 Est
159 565 299 616 adverbium
313 564 414 623 ordinis,
428 572 501 628 atque
517 565 637 613 interdum
654 565 741 628 sapius
753 565 863 614 iteratur.
897 564 947 614 Cio·
958 562 977 613 1.
989 568 1013 614 9.
1024 565 1092 616 Fam.
1101 581 1138 631 ep·
1146 570 1175 617 t.

65 629 110 679 An
130 646 177 695 ego
197 631 403 679 tibiobvirmnon
414 629 550 694 prodirem?
569 631 672 694 primum
688 629 771 694 Appio
791 629 900 687 Claudio,
918 629 1005 678 deinde
1025 631 1173 696 imperatori,

67 696 158 745 deinde
168 711 234 746 more
246 696 371 760 majorum,
380 694 477 757 deinde,
488 694 554 760 quod
568 703 642 759 caput
652 702 698 752 est,
709 696 795 744 amico.
827 694 840 720 ⁹
850 697 891 746 ld.
901 696 920 746 1.
932 698 956 747 1.
967 697 997 746 do
1009 695 1064 746 Iao.
1073 712 1095 745 c.
1104 700 1147 748 29.

326 832 327 835 ¹
390 792 403 817 ’
413 796 438 843 2.
448 793 545 845 Deinde
554 807 602 841 nou
614 793 738 858 pramisso
746 792 858 858 primam·

100 873 172 938 Saepe
181 874 267 925 deinde
275 872 381 938 ponitur,
388 875 484 923 etiamsi
492 889 541 923 aon
548 874 822 939 promittamrprimsm.
841 875 893 925 Cir.
903 877 919 924 1
930 876 1004 925 Catii.
1011 891 1034 923 c.
1043 879 1069 924 9.
1079 875 1173 926 Horum

61 941 189 989 scelerum
209 940 396 988 machinatorem
414 937 537 990 Cimbrum
553 939 685 989 Gabinium
701 940 781 988 statim
793 938 825 986 ad
842 955 883 988 me
895 940 993 988 vocari:
1007 940 1104 990 Deinde
1113 943 1172 992 item

64 1004 195 1053 arcessitur
204 1004 327 1054 Statilius:
339 1011 432 1068 etpost
448 1019 504 1059 eum
515 1004 647 1066 Cethegus,
662 1005 796 1054 tardissime
811 1011 894 1052 autem
902 1005 1021 1054 Lentulus
1035 1007 1110 1054 venit.
1132 1008 1173 1057 Id.

66 1070 123 1119 16.
144 1070 316 1134 Fum.ep.13.
333 1076 359 1118 et
377 1071 394 1117 1.
404 1073 427 1119 9.
438 1084 474 1133 ep.
486 1072 527 1120 24.
545 1075 560 1118 t
576 1071 646 1120 Verr-
658 1088 678 1120 o.
692 1076 732 1121 to.
748 1070 1010 1122 teatensium.
1022 1072 1174 1122 tracus.

68 1136 85 1198 §
96 1138 135 1183 ¹5·
145 1141 195 1183 etc·
878 1158 887 1173 '

379 1232 394 1262 '
407 1235 432 1280 1.
441 1230 684 1295 -Der'ode-posteo
693 1231 734 1278 vel
741 1236 868 1296 postrato.

100 1311 171 1376 Saepe
182 1310 272 1360 omisso
288 1311 391 1375 primum
405 1312 504 1376 ponitur
520 1311 606 1362 deinde
621 1321 647 1359 et
662 1327 716 1359 mor
734 1318 822 1375 postea.
846 1314 899 1362 Cic.
910 1313 985 1363 Brut.
995 1329 1018 1363 c.
1024 1317 1065 1364 61.
1082 1313 1171 1364 Iseum

64 1377 126 1426 satis
136 1376 254 1424 domuisset
264 1377 412 1435 adolescens,
424 1378 503 1426 minor
512 1377 599 1425 haberi
614 1384 652 1425 est
670 1383 762 1440 ereptus
775 1385 867 1440 postea.
894 1377 989 1426 Deinde
1006 1393 1038 1426 ex
1053 1379 1171 1443 virginum

60 1441 157 1507 judicio
173 1457 284 1505 magnam
301 1441 394 1490 laudem
411 1442 579 1506 est'edeptus:
598 1449 681 1504 postea
696 1449 809 1506 quantum
821 1442 925 1490 detraxit
936 1459 968 1491 ex
978 1442 1068 1501 studio,
1077 1451 1173 1493 tantum
1241 1445 1244 1451 '

66 1506 151 1554 amisit
160 1521 189 1554 ex
201 1506 284 1569 gloria.
309 1507 385 1556 Tacit.
396 1506 461 1556 Ana.
472 1507 490 1555 1.
501 1510 542 1555 14.
556 1523 579 1555 c.
590 1511 631 1555 11.
643 1508 656 1570 §
666 1509 690 1554 2.
712 1506 842 1570 Oppidana
855 1508 954 1556 lascivia
971 1508 1076 1557 invicem
1092 1509 1172 1559 inces-

64 1578 160 1631 sentes,
176 1573 271 1637 probra,
283 1571 371 1621 deinde
381 1586 448 1629 saxa,
458 1579 579 1637 postremo
588 1571 676 1620 sermm
686 1585 802 1621 sumsere.

478 1670 494 1699 ³
504 1673 569 1719 4.-
577 1669 769 1719 Deinde—mox.

101 1750 173 1801 Pus.
181 1749 219 1800 H.
228 1751 264 1800 Ν.
274 1749 324 1800 16.
333 1767 356 1800 c.
366 1755 407 1802 99.
426 1751 546 1800 Universa
555 1766 615 1814 gens
626 1751 738 1798 AEtheria
747 1750 870 1816 appellata
885 1758 931 1808 est,
941 1751 1038 1801 deinde
1053 1751 1171 1812 Atlantia,

66 1830 127 1864 mox
137 1831 152 1864 a
162 1815 268 1866 Vulcani
277 1816 327 1865 filio
335 1817 471 1880 AEthiopia.

374 1923 389 1952 ⁸
400 1929 424 1971 5.
435 1921 689 1972 -Deinde-deioda
722 1922 875 1972 Post-tarn.

102 2004 157 2054 cte.
168 2008 183 2053 1
196 2005 244 2066 leg·
253 2003 318 2064 Agr.
326 2019 349 2053 o.
361 1987 495 2053 &Tribuni
501 2003 590 2067 jubent
598 2004 681 2052 venire
692 2019 761 2066 agros
772 2003 946 2052 Attalensium:
966 2002 1055 2053 deinde
1066 2018 1135 2069 agros
1144 2004 1172 2054 in
1207 2029 1208 2032 ¹

65 2068 216 2117 Macedonia
225 2069 319 2131 regios:
331 2069 419 2117 deinde
429 2084 511 2132 agrum
522 2068 687 2129 Corinthium
703 2076 848 2133 portantem
860 2083 931 2130 agros
942 2070 967 2117 iu
977 2068 1095 2135 Hispania
1105 2069 1171 2137 sputi

66 2133 238 2197 Carthaginem
257 2148 358 2194 novam;
370 2143 420 2182 tum
439 2134 518 2198 ipsum
537 2141 640 2182 veterem
652 2132 820 2198 Carthaginem
830 2134 945 2183 vendunt.

370 2230 385 2260 ⁸
397 2236 421 2280 6.
432 2231 648 2295 *Deinde-port
661 2232 879 2283 brea-norissima

103 2314 170 2363 Cels.
181 2314 211 2362 de
226 2327 254 2363 re
267 2314 328 2362 med.
339 2313 435 2376 prefui.
455 2312 490 2360 Hi
506 2314 548 2376 qui
559 2314 699 2362 rationalem
708 2313 853 2363 medicinam
864 2313 1012 2378 profitentur,
1023 2314 1075 2363 brec
1084 2329 1170 2364 neces·

65 2377 131 2426 saria
146 2393 201 2427 esse
211 2384 358 2442 proponunt,
368 2378 500 2426 abditarum
519 2385 545 2426 et
562 2379 657 2426 morbos
675 2379 847 2442 continentium
857 2394 938 2428 rorum
954 2378 1073 2437 notitiam,
1084 2378 1173 2428 deinde

65 2442 225 2501 evidentium,
236 2451 292 2507 post
303 2444 355 2491 haec
362 2443 437 2492 etiam
444 2443 588 2492 naturalium
598 2445 728 2502 actionum,
738 2445 865 2502 novissime
875 2445 981 2508 partium
993 2445 1140 2495 interiorum.

370 2539 418 2590 ·r.
433 2541 814 2603 -nenn-am-nm-pa
825 2539 884 2590 aar.

102 2625 168 2674 Cels.
179 2623 197 2671 l.
208 2625 233 2671 2.
242 2638 265 2671 c.
276 2625 316 2671 18.
332 2621 405 2685 Aqua
413 2621 536 2669 levissima
550 2621 663 2684 pluvialis
676 2628 720 2678 est,
739 2620 826 2669 deinde
836 2621 945 2677 fontana,
960 2627 1013 2669 tum
1023 2636 1055 2670 ex
1064 2620 1172 2679 flumine,

65 2695 117 2736 mm
129 2703 162 2736 ex
173 2695 255 2752 puteo,
266 2695 322 2751 post
331 2688 382 2735 haec
391 2702 421 2734 ex
430 2686 487 2734 nive
498 2693 540 2735 aut
554 2686 646 2750 glaeie3
664 2687 758 2750 gravior
765 2687 802 2734 his
817 2700 849 2733 ex
859 2686 922 2743 lacu,
939 2687 1078 2748 gravissima
1087 2701 1118 2734 ex
1128 2701 1172 2752 pa·

64 2752 178 2865 leuchae
192 2817 299 2880 pertinet
311 2815 458 2872 illud'Celrt',
476 2816 510 2864 ib.
529 2815 635 2864 Piscium
651 2814 784 2880 grauissimi
800 2823 865 2871 sunt,
876 2830 909 2863 ex
926 2814 1011 2878 quibus
1027 2815 1172 2865 salsamenta

59 2882 123 2943 lieri
130 2891 245 2948 possunt:
265 2882 362 2938 deinde,
381 2882 423 2944 qui
439 2880 548 2945 quamvis
557 2881 698 2938 teneriores,
709 2888 789 2928 tamen
799 2879 852 2928 duri
862 2887 933 2928 sunt:
954 2886 1006 2928 tum
1015 2880 1083 2945 plani
1089 2896 1099 2942 3
1117 2887 1174 2945 post

66 2962 130 3012 quos
139 2947 214 2997 etiam
223 2947 337 3004 leviores,
347 2947 401 3011 lupi
409 2946 536 3010 mellique,
548 2953 574 2994 et
583 2952 639 3009 post
648 2947 693 2994 hos
703 2960 787 2994 omnes
798 2944 920 2994 saxatiles.

329 3096 331 3098 .
360 3103 365 3112 ,
464 3042 785 3093 'anemae-ronr-cet.

103 3125 231 3177 celabi.
241 3143 265 3175 o.
273 3132 299 3176 1.
317 3125 429 3176 Vomitus
442 3131 498 3188 post
514 3125 605 3172 febrem
621 3123 754 3172 eliciendus
772 3131 826 3182 est;
843 3122 930 3172 deinde
943 3122 1038 3171 dandus
1054 3121 1123 3172 cibos
1141 3138 1172 3173 er

66 3191 197 3308 icerlipsimis
202 3208 210 3252 3
227 3200 278 3241 tum
288 3191 313 3264 is
320 3191 423 3240 dornriat
429 3205 438 3250 ;
453 3196 549 3253 postero
557 3204 651 3254 quoque
659 3189 708 3248 die,
717 3189 738 3237 si
748 3188 823 3237 febris
833 3195 925 3251 manet,
933 3188 1062 3240 abstineat.
1073 3189 1112 3239 Id.
1120 3189 1139 3240 1.
1148 3194 1173 3242 6.

299 3395 303 3404 .
332 3353 346 3378 ’
356 3358 380 3404 9.
388 3379 422 3389 -
432 3338 528 3403 Deinde
537 3350 613 3401 octies
622 3350 752 3416 repetitum
759 3319 916 3416 —postrrm

99 3435 166 3487 Vide
179 3437 233 3488 Cic.
242 3437 260 3485 1.
269 3439 294 3486 2.
305 3437 334 3486 de
346 3435 442 3486 Iorent-
452 3449 474 3484 c.
486 3438 527 3484 49.
541 3433 581 3482 Ex
591 3449 639 3498 quo
657 3410 791 3492 obnititur,
806 3440 843 3490 ut,
859 3433 879 3481 si
897 3434 1007 3497 leges-
1017 3438 1117 3497 utraque
1131 3431 1172 3481 lex

62 3502 208 3552 -coaserrari
218 3501 335 3552 rideatur.

487 3598 499 3621 “
511 3601 550 3646 10.
560 3597 751 3646 Deinde-inde.

104 3680 159 3732 cic.
170 3681 188 3728 l.
198 3684 224 3730 9.
236 3681 306 3731 Fam.
315 3696 352 3745 ep.
362 3683 403 3729 21.
422 3678 494 3727 Hunc
506 3685 601 3727 secutus
611 3686 649 3724 est
659 3692 741 3725 cursor
752 3678 824 3725 homo
833 3677 904 3726 valde
920 3679 1063 3734 honoratus:
1082 3673 1171 3724 deinde

68 3745 97 3796 L.
106 3746 191 3796 Masso
203 3746 334 3795 aedilitius:
348 3745 407 3794 inde
415 3744 487 3793 multi
497 3744 633 3792 Massones.

154 3834 158 3839 ’
393 3844 408 3873 ⁹
424 3841 791 3893 ll.—Deiade-mox-ecin
806 3846 872 3902 cet..

99 3925 203 3976 Saetosi.
218 3924 327 3989 August.
341 3940 364 3974 c.
376 3928 417 3975 19.
434 3923 618 3988 conjurationes
633 3922 694 3971 alias
710 3921 876 3984 aliotempore
892 3919 1002 3967 detectas
1019 3917 1172 3982 compressit,

67 3989 153 4054 Lepidi
170 3990 272 4048 ‘uvenis,
289 3989 380 4039 deinde
396 3990 521 4053 Varronis,
538 4002 597 4039 mox
607 3987 713 4050 Egnatii,
732 3986 789 4034 exin
799 3985 905 4043 Plautii3
925 3999 954 4032 ac
965 3991 1051 4047 prater
1061 3985 1104 4032 bas
1118 3983 1184 4034 Asa

66 4054 139 4112 dasii,
170 4055 298 4114 hamarim,
310 4055 414 4120 Epicadi
424 4069 457 4103 ex
470 4060 541 4119 gente
553 4054 666 4103 Parthica
680 4052 798 4117 hybrida,
811 4051 841 4098 ad
855 4057 989 4098 extremum
1005 4047 1108 4112 Telephi
1117 4064 1172 4098 mu·

67 4120 135 4170 lieris
146 4120 212 4170 serri
223 4121 418 4170 nomenclatoris.

418 4217 486 4267 *12
498 4189 827 4281 Deinde—postvelporteu.
1151 4247 1153 4250 ⁴

101 4300 198 4352 Deinde
214 4306 269 4366 port
283 4307 310 4349 et
323 4303 406 4365 posteo
422 4298 576 4364 conjungitur
591 4313 635 4363 per
652 4296 825 4362 pleonasmum·
863 4291 965 4344 Vastus
974 4292 992 4342 1.
1002 4295 1028 4340 2.
1038 4306 1060 4340 c.
1069 4293 1111 4341 21.
1121 4290 1135 4354 1
1146 4290 1172 4337 1.
