2670 4636
169 268 230 328 soe
501 262 669 324 uonsnn
699 261 939 325 consuimus
1178 248 1259 343 [noi

573 475 686 525 CAPUT
718 475 856 525 cxxxlx.

557 575 608 634 De
620 573 768 635 Aduerbio
782 574 873 635 Mox.

206 684 429 748 ttionemn
444 690 505 749 post.
521 683 561 734 Sic
575 685 641 732 enim
657 685 772 733 differam
785 688 861 748 modo,
872 700 941 742 osae,
961 692 987 735 et
995 700 1058 741 saon,
1074 683 1140 749 qnod
1155 683 1258 734 asnede

172 757 279 813 tempore
291 750 401 813 prasenti
417 749 520 810 dicitur;
536 751 603 798 modo
618 748 648 798 ds
666 765 705 806 eo,
722 750 786 812 quod
804 751 875 814 paulo
890 758 947 798 ants
956 751 1019 808 fuit;
1034 765 1089 799 mox
1102 748 1134 797 de
1144 763 1182 806 so,
1194 749 1259 812 qnod

171 815 243 879 paulo
260 825 315 878 post
331 814 443 877 sequitur.
478 815 529 863 Cic.
542 813 595 862 l.l.
610 816 638 863 de
652 814 723 863 oms.
740 818 811 864 nbi.
836 813 1260 876 Vernmillam013nunedsipsa

171 879 345 938 exercitatione
358 879 417 942 qnid
428 879 523 935 sentim,
536 878 670 940 querimus.
702 879 740 927 [n.
752 879 767 926 l.
779 883 802 928 1.
812 880 841 927 de
856 879 941 928 Dinia.
950 896 973 929 c.
983 883 1024 928 26.
1040 877 1148 926 Discedo
1163 893 1260 954 perum·

171 957 214 1007 por
234 943 369 1000 asomniis,
391 943 484 1006 adqnae
505 957 559 991 mox
577 949 688 990 revertor.
721 943 761 990 Id.
777 942 795 992 l.
808 944 911 992 1⁰..4ta
925 959 960 1007 ep.
974 950 998 993 4.
1022 943 1095 991 Curio
1108 942 1184 1006 jussit
1202 941 1260 988 mibi

170 1006 288 1084 mancini,
307 1021 361 1056 mox
379 1022 407 1056 ss
424 1013 557 1056 venturum.
590 1006 630 1056 Id.
645 1008 715 1056 Orot-
726 1010 798 1056 asa
814 1005 854 1054 De
871 1023 966 1056 numero
981 1023 1051 1056 mor:
1068 1022 1133 1056 nunc
1151 1007 1184 1055 de
1201 1021 1260 1054 sono

171 1086 305 1136 qnaenmus.

505 1172 531 1219 2.
551 1169 629 1224 Quum
640 1183 702 1224 mox,
713 1184 757 1231 pro
768 1173 855 1231 quous
865 1174 928 1232 post.

204 1248 288 1298 Pons.
298 1247 389 1298 Buccis.
397 1251 422 1296 4.
432 1252 456 1297 6.
472 1247 540 1296 Bone
548 1263 623 1305 serve,
634 1249 708 1304 salve,
719 1247 777 1310 quid
787 1248 832 1296 lit?
848 1263 920 1312 quam
929 1262 982 1296 mor
994 1248 1081 1311 navigo
1089 1248 1116 1295 in
1127 1247 1259 1311 Ephesum,

171 1317 200 1360 ut
216 1327 300 1361 aurum
314 1320 418 1376 repetam
436 1313 467 1361 nb
483 1312 610 1360 Theotimo
626 1314 739 1360 domum?
758 1313 811 1361 Meo
821 1327 877 1360 soon
891 1328 930 1362 osa
949 1313 967 1360 Ι
982 1318 1007 1361 4ο
1021 1313 1067 1361 suit
1078 1312 1124 1372 sos·
1138 1313 1260 1376 Ephesus!

175 1375 270 1426 Terent.
279 1377 377 1427 Pbom.
388 1381 413 1426 1.
424 1381 447 1426 0.
463 1375 599 1426 Cottidiana
609 1393 665 1425 cura
675 1378 726 1424 hae
737 1378 804 1440 angit
814 1377 927 1433 animum,
937 1375 995 1425 dum
1005 1385 1113 1439 expecto,
1124 1391 1196 1440 quam
1207 1393 1259 1426 mor

171 1440 262 1497 veniat,
273 1440 316 1504 qui
326 1441 416 1489 adimat
425 1443 488 1490 banc
500 1441 559 1489 mihi
568 1439 772 1489 consuetudinem.
799 1442 855 1490 Lio.
867 1443 883 1490 l.
895 1448 918 1491 6.
929 1457 950 1489 c.
961 1446 1002 1491 46.
1018 1441 1141 1490 concione
1152 1441 1260 1504 dimisse,

171 1518 271 1581 corpora
281 1515 373 1561 curant,
389 1505 486 1563 intenti,
497 1520 567 1568 quam
581 1520 636 1553 mox
648 1506 738 1568 signum
750 1507 851 1555 daretur.
868 1506 919 1555 loono
927 1522 982 1555 soon
994 1506 1033 1554 tlte
1043 1506 1124 1568 signal
1139 1506 1225 1556 noeto
1234 1507 1260 1556 be

170 1583 252 1631 gosem
286 1570 337 1619 Cio.
346 1585 390 1634 pro
405 1570 478 1620 Rosc.
491 1573 557 1619 Cosa.
568 1585 590 1618 e.
602 1575 625 1621 1.
641 1568 832 1633 Expecto.quam
842 1585 895 1619 mor
904 1570 1003 1618 chieres
1011 1571 1058 1619 hae
1069 1569 1163 1620 ratione
1173 1577 1260 1620 utatur.

173 1631 531 1697 *lnprsQnRsesoera
847 1646 851 1656 ¹

311 1732 337 1780 2.
354 1730 416 1780 Mox
425 1746 481 1780 cum
490 1730 563 1779 verbo
573 1730 688 1794 preteriti
702 1731 853 1794 plusquamp.
867 1729 989 1793 temporis,
998 1743 1041 1793 pro
1055 1731 1131 1780 modo.

207 1811 299 1860 Colum.
309 1811 327 1858 l.
338 1815 362 1860 2.
374 1827 397 1859 c.
406 1814 447 1860 20.
465 1811 505 1860 De
519 1813 601 1868 altero,
620 1813 682 1874 quod
702 1809 754 1858 iiior
774 1825 950 1875 proposueram,
966 1809 1027 1859 nibil
1041 1809 1132 1866 dubito,
1150 1809 1209 1874 quin
1219 1825 1262 1874 per

172 1873 267 1939 species
282 1873 417 1938 digerenda
428 1877 489 1923 vites
499 1875 694 1940 deponendoque
704 1876 760 1922 sint.
1109 1895 1111 1898 ·

373 1971 388 2000 ⁴
399 1975 424 2021 4.
439 1972 510 2028 Mox,
521 1986 588 2021 esm:
605 1985 669 2033 mon,
680 1969 738 2027 ubi,·
751 1971 881 2034 presently,
891 1969 1056 2020 soon-uben.

184 2046 187 2051 ’
208 2051 447 2100 Columnam.
462 2049 607 2107 Curandum,
618 2065 649 2097 ne
660 2051 784 2098 florentem
800 2057 906 2113 segetem
921 2057 1054 2114 tangemus,
1068 2050 1109 2098 sed
1125 2058 1168 2099 ant
1182 2057 1261 2108 antes,

131 2138 134 2157 ·
172 2120 216 2164 aut
225 2130 291 2172 mox,
302 2131 357 2164 eum
367 2114 510 2163 defloruerit.
541 2114 597 2163 bin.
605 2115 623 2162 l.
639 2117 680 2164 28.
691 2130 713 2163 c.
722 2116 764 2165 41.
780 2114 879 2163 Seston.
889 2113 956 2175 lug.
967 2130 989 2163 c.
999 2118 1039 2164 26.
1050 2115 1105 2164 isio.
1121 2117 1140 2162 l.
1152 2120 1177 2165 2.
1188 2133 1212 2164 e.
1222 2119 1261 2165 62.

173 2177 239 2235 Quid
254 2182 275 2226 si
289 2178 357 2240 plebs
368 2194 429 2234 mos,
440 2179 481 2227 ubi
491 2193 574 2240 parum
590 2178 725 2226 secessione
736 2193 876 2235 moveamur,
887 2187 974 2227 armata
989 2179 1087 2227 veniat?
1113 2180 1230 2230 Colamd.
1238 2186 1263 2228 et

172 2258 195 2291 c.
205 2247 229 2291 6.
246 2242 315 2306 Mox,
326 2242 368 2291 ubi
383 2243 494 2291 materies
504 2243 558 2290 vitis
567 2241 651 2306 exigit,
660 2242 793 2305 insequitur
803 2243 960 2306 pampinator.
993 2243 1032 2293 In.
1042 2242 1061 2294 l.
1073 2247 1112 2293 11.
1122 2259 1145 2294 c.
1157 2249 1183 2294 2.
1193 2245 1261 2309 Mor,

172 2304 214 2355 ubi
224 2307 305 2355 bruma
312 2306 422 2355 confecta
430 2315 477 2375 est,
487 2320 550 2370 aque
558 2307 704 2355 exhauritur.

383 2403 398 2435 ¹
410 2409 434 2453 6.
452 2385 645 2453 Mon-deinde:
662 2409 774 2455 mox—et
784 2403 886 2453 deinde:
900 2408 1051 2454 ouon-tune.

206 2482 283 2533 Tacit.
298 2485 315 2533 l.
331 2489 356 2534 1.
373 2483 443 2533 Has.
458 2500 479 2532 c.
496 2488 536 2533 72.
552 2485 564 2547 2
580 2487 603 2531 2.
630 2483 768 2547 Sophonius
788 2483 930 2547 Tigellinus,
950 2485 1008 2546 quia
1028 2484 1127 2546 praemie
1148 2483 1261 2534 virtutnm

172 2547 278 2597 velocius
291 2556 342 2596 erat
355 2549 420 2596 vitiis
430 2547 540 2614 adeptus,
555 2549 721 2597 crudelitatem
739 2564 800 2605 mox,
818 2547 904 2596 deiude
916 2549 1037 2596 avaritiam
1047 2557 1073 2597 et
1082 2549 1162 2610 virilis
1172 2551 1262 2599 scelera

172 2612 287 2663 exercuit.
310 2613 377 2664 Pus.
388 2614 405 2663 l.
418 2616 442 2662 8.
452 2630 474 2662 e.
483 2617 523 2664 40.
540 2611 689 2677 Alexander,
699 2612 765 2662 canis
776 2613 856 2676 specie
875 2613 1015 2669 delectatio,
1031 2612 1101 2678 jussit
1116 2629 1192 2671 ursos,
1208 2630 1262 2662 mox

172 2690 251 2753 apros,
271 2684 298 2726 st
311 2678 398 2727 deinde
415 2678 500 2753 damas
510 2678 594 2756 emitti,
612 2694 641 2726 eo
660 2684 782 2754 contemtu
798 2676 914 2753 immobili
925 2676 1029 2753 jacente.
1061 2679 1101 2753 ld.
1112 2679 1129 2726 l.
1136 2682 1178 2728 24.
1184 2681 1265 2755 ,6.112.

171 2741 1263 2872 {aas.t⁰.5t„tt¹iis:nttttaasz:m⁰¹¹⁰P¹1²t⁰⁸¹⁸⁶¹⁹¹²¹¹¹¹²⁰¹

334 2904 383 2955 *6.
398 2907 774 2971 Extemplo-mon—postremo:
790 2905 1093 2967 qnondam-emmane.
1139 2900 1142 2907 '

203 2984 260 3035 Its.
269 2985 288 3033 l.
303 2989 343 3035 40.
353 3001 376 3033 c.
390 2988 430 3034 48.
447 2983 667 3050 Hostesiertemplo
677 2984 734 3041 lusi,
745 2983 830 3046 fugati,
838 2999 895 3031 mox
905 2983 965 3031 intra
971 2984 1060 3031 vallum
1068 2991 1187 3047 paventes
1197 3001 1262 3035 oom-

172 3049 243 3110 pulsi,
261 3057 380 3112 postremo
396 3058 513 3099 exuuntur
529 3050 619 3098 castris.
651 3050 733 3098 Vellei.
752 3049 769 3096 l.
781 3052 805 3096 2.
819 3064 841 3096 c.
851 3052 891 3098 14.
903 3050 917 3112 §
928 3052 953 3099 2.
970 3047 1063 3097 Domus
1080 3049 1202 3112 quondam
1220 3051 1263 3100 Ci-

172 3113 274 3170 ceronis,
284 3128 337 3161 mox
348 3111 610 3176 ennuntiatione
621 3112 710 3162 Statilii
720 3112 824 3161 Sisenna
835 3119 882 3160 est.

360 3258 363 3263 .
423 3211 439 3241 ‘¹
450 3215 475 3262 2.
492 3213 554 3260 Mon
562 3212 641 3273 poulo,
659 3226 702 3274 pro
712 3212 783 3274 poam
797 3215 859 3273 post,
869 3225 948 3258 rarum
963 3217 1009 3258 est.

204 3287 272 3337 Ptin.
282 3289 318 3338 Η.
330 3289 365 3336 Ν.
376 3289 393 3336 l.
403 3293 427 3339 4.
438 3305 458 3338 e.
469 3294 509 3341 16.
526 3289 656 3338 Britannias
667 3290 813 3338 vocabantur
823 3305 913 3346 omnes,
924 3290 954 3338 ds
970 3290 1056 3352 quibus
1066 3305 1121 3338 mox
1136 3292 1211 3353 paulo
1226 3291 1264 3340 di·

173 3366 261 3401 cemus.
293 3353 498 3404 Id.1.14.c.1o.
521 3354 642 3418 Myrtiten
653 3353 715 3402 Cato
726 3354 922 3418 quemadmodum
939 3355 988 3402 fieri
999 3355 1114 3411 docuerit,
1125 3371 1180 3403 mox
1191 3357 1263 3420 paulo

171 3417 334 3468 iudicabimus.
366 3417 430 3467 Add.
440 3419 456 3467 l.
469 3423 509 3468 16.
520 3435 542 3468 e.
554 3422 595 3468 20.
606 3419 622 3467 Ι.
630 3420 668 3468 18.
680 3434 702 3466 e.
711 3419 777 3468 281.
787 3420 857 3469 21.ο.
868 3423 893 3469 2.
909 3418 1007 3468 Coronis
1017 3435 1031 3468 e
1042 3419 1140 3468 dotibus
1149 3421 1264 3486 receptis,

171 3483 243 3547 paulo
254 3497 307 3531 mox
317 3483 421 3542 subiere,
433 3498 486 3547 quae
503 3491 618 3532 vocantur
628 3483 759 3550 AEgyptiae.

458 3577 474 3612 i
487 3584 512 3631 8.
529 3581 591 3630 Mox
600 3579 631 3629 de
641 3580 686 3629 situ
698 3581 811 3637 locorum,
823 3580 929 3644 gentium
939 3586 984 3630 eet.
999 3584 1001 3589 '
1057 3593 1060 3599 ·

205 3660 357 3711 Monetium
367 3660 398 3710 ds
417 3660 499 3710 ordine
517 3670 544 3710 ot
559 3661 606 3709 situ
624 3677 703 3710 rerum
722 3660 816 3710 dicitnr.
850 3661 916 3710 Plio.
931 3661 949 3708 l.
959 3667 984 3711 6.
995 3677 1017 3710 o.
1029 3662 1068 3709 10.
1094 3659 1133 3708 Ab
1151 3659 1264 3710 Albaniae

173 3727 283 3784 confinio,
299 3734 352 3776 tota
367 3728 482 3776 montimu
495 3728 583 3783 fronte,
598 3734 681 3790 gentes
696 3727 820 3790 Sylvorum
835 3725 901 3781 lerae,
916 3734 942 3774 et
958 3725 1017 3773 inira
1027 3725 1198 3782 Lubienomm,
1210 3742 1266 3775 mox

173 3790 262 3840 Diduri
272 3799 297 3840 et
302 3791 381 3840 Eodii.
404 3792 442 3841 lb.
451 3808 473 3842 e.
485 3796 525 3841 11.
540 3790 564 3839 Α
573 3791 702 3840 Suamissd
711 3791 812 3838 Pontum
819 3806 894 3853 usque
903 3790 1079 3839 Heniochorum
1087 3791 1156 3854 plura
1165 3806 1264 3853 genua,

172 3872 228 3904 mox
248 3856 398 3906 Achaeorum.
431 3857 470 3906 Id.
481 3856 497 3905 l.
507 3860 531 3904 6.
542 3872 564 3904 c.
573 3860 614 3906 26.
636 3856 694 3902 Mor
713 3855 738 3901 in
753 3854 924 3918 campestribus
943 3854 1065 3918 Diospage
1086 3862 1111 3902 et
1132 3855 1265 3920 Polytelia.

173 3920 211 3969 lb.
223 3937 244 3989 e.
256 3924 296 3970 30.
312 3921 383 3971 Ultra
400 3936 442 3970 eos
454 3920 541 3977 Dochi,
559 3920 646 3968 deinde
657 3918 783 3982 Gymnites
794 3933 888 3982 semper
897 3919 957 3967 nudi
964 3937 972 3979 ;
988 3934 1044 3967 mox
1052 3917 1164 3968 Anderae.

285 4016 300 4046 ³
312 4021 352 4067 12.
368 4017 400 4067 In
407 4018 588 4082 primis-mox,
602 4031 644 4079 pro
651 4016 762 4080 primam,
772 4018 836 4073 dein,
846 4031 894 4064 non
905 4023 992 4066 temere
1000 4016 1148 4066 imitandum.

144 4089 147 4095 ’
205 4094 273 4145 Piis.
284 4096 302 4145 l.
313 4099 353 4146 64.
363 4113 385 4145 c.
395 4103 420 4146 9.
441 4099 524 4147 Massa
540 4097 654 4160 prodatur
666 4096 690 4144 in
707 4097 799 4160 primis,
815 4113 868 4146 mox
886 4097 913 4146 in
929 4099 1054 4162 proflatum
1075 4096 1170 4146 additur
1191 4098 1267 4147 bertin

170 4159 251 4226 portio
262 4159 315 4208 aeris
324 4161 474 4210 collectanei.
907 4162 909 4165 ’

479 4259 545 4313 ’12.
561 4259 623 4310 Mox
641 4256 670 4307 de
682 4257 796 4324 gradibus
803 4257 954 4322 prestantius.
1307 4313 1310 4319 1

176 4342 379 4400 Moenoenum
388 4345 536 4399 descensum
545 4344 576 4396 sd
588 4360 631 4396 res
640 4339 936 4411 ignobilioressspiibaat.
957 4337 1184 4386 1211611461.
1202 4336 1281 4397 tapsi.

470 4580 525 4587 .—...
