2670 4636
186 237 243 298 192
502 235 673 297 HORATll
703 233 944 294 TURSELLlNl
1150 238 1272 314 [maur

552 380 568 409 ⁸
580 382 604 428 6.
621 379 678 428 Noa
689 381 758 441 lorge
768 381 843 443 6166,
854 381 922 442 qaia.

217 457 445 520 0161661116.
458 461 497 507 11.
513 457 600 506 Aberit
619 473 668 508 non
682 459 764 523 longe,
777 458 836 521 quin
853 460 900 507 hoc
911 474 926 506 a
936 473 975 506 me
985 459 1083 506 decerni
1096 459 1167 506 velit.
1196 459 1274 507 eam

182 523 199 570 l.
210 526 235 571 s.
246 523 280 570 Β.
294 523 326 570 G.
337 537 359 569 6.
372 524 411 570 18.
422 523 435 584 b
447 526 472 570 d.
496 521 590 578 Quibus
607 523 723 584 augustiis
738 523 790 584 ipse
808 522 889 571 Caesar
906 538 921 570 a
938 523 1038 570 Venetis
1051 530 1184 585 prematur,
1199 522 1275 576 docet,

181 600 260 648 neque
266 585 359 648 longius
365 585 458 640 abesse,
469 587 527 648 quin
537 586 646 649 proxima
655 595 727 634 nocte
735 587 838 636 Sabinus
843 587 906 634 clam
914 601 944 633 er
952 587 1037 634 castris
1043 588 1179 635 exercitum
1187 584 1276 635 6616661.

404 669 420 700 “
427 675 453 720 9.
468 672 619 735 Longissima
629 672 660 721 de
672 679 787 736 tempore,
798 687 842 736 pro
852 690 868 722 6
878 675 948 736 longo
959 678 1068 736 tempore.

214 751 297 801 Pluat.
309 749 427 800 11166661.
441 754 467 798 6.
478 753 502 799 6.
512 755 553 800 66.
581 751 647 808 Quid
659 750 798 814 longissime
813 750 961 800 meministi?

601 902 716 952 CAPUT
731 902 861 952 CXXXII.

451 983 498 1044 De
512 982 661 1045 Aduerbio
676 984 790 1044 Minis
804 992 834 1044 et
848 983 1008 1043 Msxrsrn.

215 1090 284 1157 ¹51.
301 1093 436 1154 Lilsgisr
452 1095 605 1157 magn-atr
623 1095 765 1169 raqgisqw
781 1100 805 1144 et
821 1095 915 1157 mugitu
931 1093 1077 1157 aetnaeis,
1093 1098 1156 1144 eteo
1172 1095 1251 1158 mgis

586 1166 728 1208 continuant
737 1158 875 1207 orationem.

217 1237 362 1286 06166611.
374 1251 397 1284 6.
408 1239 432 1284 8.
448 1235 564 1286 Cuirano
580 1238 674 1287 subitus
687 1236 755 1285 dolor
772 1236 857 1300 capitis
874 1243 941 1284 ornus
957 1243 1002 1299 est,
1020 1234 1107 1283 deiude
1124 1249 1222 1283 somnus
1237 1250 1278 1298 op-

181 1300 277 1364 pressit,
291 1300 355 1348 intra
365 1300 492 1364 septimum
508 1302 572 1349 diem
586 1301 734 1365 pereundum
751 1307 804 1349 est:
828 1300 915 1362 magis,
931 1301 952 1347 61
967 1315 1022 1347 eum
1032 1300 1100 1346 alvus
1115 1299 1166 1346 cita
1179 1314 1231 1346 non
1240 1314 1279 1346 an·

182 1365 316 1412 tecesserit.
348 1365 389 1415 Id.
398 1365 416 1421 l·
426 1369 451 1414 1.
461 1381 483 1413 6.
491 1369 532 1416 66.
548 1364 622 1414 Panis
632 1379 664 1413 ex
674 1365 768 1428 siligine
778 1363 916 1428 adstringit,
926 1365 1003 1426 magis
1012 1364 1033 1410 ri
1042 1363 1095 1410 sine
1104 1363 1225 1412 fermento
1235 1368 1279 1423 est,

183 1427 261 1490 magis
270 1426 353 1485 edam,
365 1429 386 1476 si
395 1434 464 1477 ustus
473 1437 519 1478 est.
544 1429 595 1479 016.
604 1444 649 1493 pro
660 1429 733 1483 11666.
742 1427 799 1478 Am.
810 1444 832 1484 6.
840 1434 865 1477 6.
887 1427 991 1476 Roscius
1002 1433 1054 1476 erat
1065 1425 1152 1474 Roma
1162 1427 1279 1490 16666661,

182 1495 254 1554 atque
263 1491 291 1539 16
306 1490 366 1549 loro,
377 1499 403 1539 et
415 1491 441 1539 in
458 1507 498 1540 ore
516 1492 621 1540 omnium
635 1492 741 1554 quotidie
751 1493 905 1541 versabatur:
924 1491 1001 1554 magis
1011 1498 1041 1538 ut
1057 1491 1169 1539 exultare
1185 1491 1280 1539 victoria

182 1555 314 1604 nobilitatis
322 1555 449 1614 videretur,
460 1570 531 1618 quam
540 1555 633 1613 timere,
644 1555 746 1618 nequid
757 1571 785 1604 ex
796 1570 826 1602 ea
836 1555 979 1603 calamitatis
986 1554 1032 1602 sibi
1039 1553 1169 1602 accideret.
1200 1555 1280 1602 (161166

182 1617 201 1666 1.
211 1622 235 1667 1.
243 1635 266 1667 6.
278 1623 318 1668 la.
335 1619 360 1666 Si
370 1634 409 1667 res
418 1619 595 1676 inveteraverit,
606 1628 662 1684 post
675 1619 768 1667 febrem
778 1619 880 1729 experiri
889 1619 1002 1666 balneum
1012 1624 1039 1665 et
1048 1616 1140 1673 vinum,
1157 1616 1279 1680 magisque

182 1681 213 1742 61,
223 1683 317 1731 honore
326 1682 430 1739 sublato,
440 1684 491 1731 hec
502 1691 619 1748 superem,
629 1691 732 1746 oportet.
756 1683 796 1731 ld.
815 1717 822 1732 .
835 1687 858 1730 6.
868 1697 891 1730 6.
901 1685 942 1731 16.
956 1682 1011 1738 Quo
1021 1680 1092 1745 plura
1099 1681 1155 1728 loca
1164 1679 1280 1729 in'ectum

182 1745 306 1795 vinculum
315 1745 418 1803 mordet,
427 1761 458 1794 eo
468 1745 571 1822 majores
579 1746 777 1795 inflammationes
787 1746 902 1800 oriuntur,
919 1745 1041 1808 magisque
1057 1749 1151 1791 aestate.
1193 1744 1281 1792 (1.166.

182 1823 206 1859 6.
217 1813 259 1862 18.
273 1813 303 1860 66
313 1811 452 1861 16116661.
467 1811 535 1859 Pisa
548 1810 565 1858 1.
578 1813 617 1858 18.
628 1827 652 1860 e.
663 1815 704 1860 16.
737 1809 821 1859 Celsus
832 1808 848 1856 Ι.
859 1815 883 1858 6.
893 1824 915 1856 e.
925 1811 966 1857 16.
975 1811 1005 1858 dc
1013 1821 1104 1869 gangr.
1122 1807 1281 1870 Gangraenam

182 1887 266 1922 curare
282 1889 330 1922 non
347 1874 513 1922 difficillimum
533 1882 581 1930 est,
598 1874 682 1937 utique
698 1874 723 1921 in
740 1887 836 1935 corpore
847 1871 960 1934 juvenili,
972 1879 999 1920 et
1013 1872 1091 1934 magis
1105 1871 1189 1927 etiam,
1201 1871 1223 1918 61
1233 1887 1282 1918 mn·

182 1937 244 1985 sculi
253 1937 343 2000 integri
353 1938 410 1986 sint.
444 1938 497 1986 Cic.
506 1938 523 1985 l.
533 1941 557 1986 1.
574 1937 631 1987 Aa.
640 1953 676 2001 ep.
687 1937 733 1984 ult.
750 1936 828 1985 Valde
839 1942 863 1983 te
872 1943 984 1999 expecto,
994 1934 1065 1983 valde
1072 1933 1195 1991 desidero,
1204 1949 1281 1997 neque

181 2013 198 2048 e
236 1998 990 2065 61661666661666666611661666666611.1111666661.
1008 2000 1047 2048 ld.
1052 2013 1097 2062 pro
1104 1999 1283 2049 (1166166641.

209 2064 307 2120 omines,
319 2078 378 2128 quos
389 2065 483 2125 ceteris
492 2064 558 2113 vitiis
568 2071 640 2127 atque
653 2065 718 2112 omni
729 2064 846 2112 dedecore
857 2063 958 2111 infames
967 2063 1090 2116 videbant,
1102 2076 1147 2110 eos
1156 2063 1207 2110 lrao
1223 2077 1282 2126 quo·

183 2141 232 2190 que
248 2129 422 2191 subscriptione
438 2134 522 2176 notare
535 2128 670 2185 voluerunt,
690 2135 716 2176 et
732 2143 762 2177 eo
774 2127 858 2190 magis,
877 2127 941 2191 quod
958 2127 1000 2175 illo
1018 2126 1072 2189 ipso
1088 2133 1199 2190 tempore
1215 2132 1283 2175 eraut

178 2189 275 2254 judicia
285 2207 339 2240 eum
350 2192 456 2255 equestri
466 2191 549 2241 ordine
560 2191 743 2241 communicata.

542 2287 557 2316 ¹
568 2290 592 2335 1.
609 2287 694 2348 Magis
704 2292 835 2349 stt-qaum
845 2289 913 2350 qaod.

219 2365 511 2428 capremontem.
534 2364 581 2412 Η16
599 2380 653 2428 ego,
672 2366 748 2431 magis
764 2372 792 2413 ut
809 2364 1005 2412 consuetudinem
1022 2379 1126 2427 servem,
1137 2379 1212 2427 quam
1221 2364 1283 2428 quod

184 2443 227 2476 vos
237 2444 286 2477 non
297 2436 377 2477 vestra
388 2437 473 2492 sponte
490 2430 536 2476 hoc
554 2429 657 2489 faciatis,
673 2436 755 2492 petam
771 2443 786 2476 a
801 2429 880 2490 vobis,
891 2436 918 2476 ut
928 2443 967 2475 me
983 2434 1075 2476 attente
1086 2428 1200 2476 audistis.
1231 2429 1285 2478 laio.

184 2492 202 2540 l.
214 2499 238 2542 6.
249 2497 322 2542 613.
338 2499 400 2540 extr.
426 2493 493 2541 Inter
504 2493 555 2540 hac
565 2493 716 2556 pacificatum
731 2493 805 2555 legati
820 2507 835 2538 a
844 2492 940 2540 Volscis
950 2498 977 2539 61
986 2491 1075 2553 AEquis
1086 2499 1222 2540 venerumt:
1239 2491 1282 2540 im·

184 2562 398 2686 ppgtpqpeeoepqx,
418 2556 493 2622 magis
506 2565 533 2604 ut
541 2557 607 2606 lesse
616 2566 665 2607 tam
675 2556 768 2606 diutino
779 2556 845 2605 bello
855 2556 1018 2619 acquiesceret
1029 2556 1123 2612 civitas,
1137 2571 1213 2620 quam
1222 2555 1285 2622 quod

348 2715 363 2747 ¹*
375 2720 400 2766 6.
416 2716 501 2778 Magis
511 2717 669 2780 quio-quum
683 2719 752 2779 qaod.
785 2717 870 2778 Magis
880 2719 1042 2780 quod—qaam
1052 2717 1122 2778 qaod.

219 2796 276 2844 Lio.
286 2798 303 2844 l.
314 2801 339 2845 1.
350 2813 373 2844 6.
384 2801 409 2844 1.
424 2796 552 2844 libertatis
559 2797 676 2860 originem
685 2796 742 2845 inde
750 2796 835 2860 magis,
842 2796 900 2859 quia
907 2811 1013 2844 annuum
1021 2794 1149 2857 imperium
1161 2798 1284 2845 consulere

183 2859 273 2908 lactum
286 2866 332 2916 est,
344 2874 416 2922 quam
424 2861 489 2923 quod
500 2861 648 2909 deminutum
660 2862 787 2924 quicquam
796 2861 828 2908 sit
836 2875 867 2908 ex
876 2860 944 2924 regia
953 2866 1082 2922 potestate,
1093 2873 1216 2926 numeres.
1245 2860 1283 2909 ld.

185 2924 203 2971 l.
213 2929 238 2972 1.
250 2939 272 2971 6.
290 2929 331 2972 16.
348 2925 363 2972 1
365 2931 469 2973 actatum
479 2925 505 2972 in
516 2925 693 2973 conditionibus
702 2926 864 2988 nequicquam
874 2924 905 2972 de
916 2923 1051 2985 Tarquiniis
1066 2923 1093 2970 iu
1102 2937 1207 2984 regnum
1216 2924 1285 2972 resti-

186 2988 290 3050 tuendis,
305 2988 380 3050 megis
398 2989 456 3049 quia
470 2989 496 3036 id
512 3003 602 3050 negare
620 2990 672 3050 ipse
689 2988 831 3052 nequiverat
848 2987 997 3049 Tarquiniis,
1010 3001 1084 3050 quem
1094 2987 1160 3048 quod
1170 2997 1285 3050 negatum

185 3049 215 3097 iri
225 3051 271 3099 sibi
282 3050 312 3099 ab
323 3049 439 3098 Romanis
449 3051 576 3114 ignoraret.
613 3053 652 3100 ld.
663 3052 680 3098 l.
691 3057 732 3101 46.
743 3067 765 3101 c.
778 3056 817 3100 16.
839 3053 957 3100 Decimus
966 3065 1022 3099 eum
1031 3065 1119 3113 magno
1129 3051 1236 3100 adsensu
1244 3065 1285 3098 au·

186 3113 250 3162 ditus
259 3121 306 3177 est,
316 3128 365 3161 non
374 3115 451 3177 magis
461 3129 500 3172 eo,
511 3115 575 3178 quod
586 3115 747 3163 multitudinis
763 3130 851 3163 noxam
862 3116 978 3172 elevabat,
990 3129 1063 3177 quam
1077 3113 1144 3177 quod
1154 3115 1251 3179 culpam
1260 3115 1286 3163 in

186 3181 406 3226 mmmmm.
489 3247 514 3291 4.
530 3242 734 3304 Magis-qaum,⁸
752 3243 884 3303 mugio-ai
895 3258 973 3304 quom.

219 3319 305 3380 Magis
314 3321 455 3383 plerumque
465 3336 520 3368 cum
531 3336 600 3383 quam
611 3321 743 3382 copulatur.
777 3321 856 3369 6161.
867 3325 891 3369 1.
901 3323 931 3370 <le
944 3323 1016 3371 Orut.
1035 3337 1057 3370 6.
1068 3325 1093 3370 4.
1126 3321 1211 3384 Magis
1227 3320 1288 3369 adeo

186 3382 212 3430 id
231 3382 355 3439 felicitate,
367 3398 435 3446 quam
454 3383 826 3447 aliaullaculpameacontigit.
861 3386 902 3433 Iu.
912 3386 929 3432 l.
941 3389 981 3433 16.
992 3384 1048 3434 Aa.
1058 3398 1094 3449 ap.
1104 3389 1128 3433 5.
1146 3385 1235 3434 Etsirn
1267 3384 1287 3430 's

187 3454 232 3503 est,
248 3448 311 3510 quod
331 3448 434 3511 gratulor
443 3447 497 3504 tibi,
517 3462 589 3510 quam
607 3449 671 3510 quod
688 3454 712 3495 te
729 3463 828 3512 rogemt
849 3456 930 3496 tamen
941 3449 1014 3497 etiam
1026 3463 1093 3512 rogo.
1125 3450 1221 3510 ldpro
1262 3449 1289 3496 11.

186 3528 209 3560 6.
219 3516 243 3561 7.
260 3511 317 3560 Nisi
326 3513 387 3561 16116
397 3512 472 3574 magis
479 3512 525 3559 erit
534 3511 662 3576 parricida,
673 3512 715 3574 qui
724 3513 874 3561 consularem
884 3521 985 3575 patrem,
994 3528 1067 3576 quam
1076 3513 1161 3576 siquis
1171 3513 1289 3562 humilem

121 3646 123 3652 Ι
187 3576 316 3626 necaverit.
349 3575 413 3627 ⁶1o.
423 3576 439 3625 l.
450 3581 475 3626 6.
488 3577 558 3626 Fam.
568 3592 605 3640 ep.
615 3580 640 3625 4.
658 3583 683 3624 61
694 3577 712 3625 l.
723 3580 747 3625 6.
767 3577 822 3627 Aa.
834 3593 869 3640 ep.
881 3582 906 3626 5.
922 3577 977 3627 lie.
989 3578 1007 3625 1.
1016 3579 1058 3626 45.
1070 3592 1092 3625 6.
1100 3580 1142 3626 41.
1152 3592 1192 3639 pr.

661 3671 811 3722 Admonitio.

221 3752 279 3801 Non
292 3759 383 3801 1661616
398 3754 475 3814 magis
485 3755 590 3816 propius
599 3752 764 3815 usurpandum
774 3761 820 3802 est.
852 3754 937 3815 Magis
948 3753 1013 3802 enim
1023 3754 1165 3816 plerumque
1181 3753 1290 3802 ael-com-

189 3817 337 3877 parationem
353 3817 466 3880 pertinet,
484 3824 509 3864 et
524 3818 603 3879 potius
621 3816 748 3878 significat.
781 3819 843 3866 Plus
862 3825 943 3866 autem
957 3831 1021 3881 saepe
1035 3817 1136 3865 refertur
1149 3818 1180 3864 ad
1197 3817 1293 3879 magni-

187 3880 295 3928 tudinem
306 3888 332 3928 et
342 3881 486 3929 eontrarium
500 3881 573 3928 habet
589 3880 675 3935 minas,
693 3887 729 3935 ut,
739 3882 793 3943 plus
809 3881 905 3936 6111166,
914 3883 968 3943 plus
981 3882 1152 3941 jocunditatis,
1166 3881 1230 3930 item
1239 3882 1294 3944 piar

185 3945 333 4066 pppsoeqplas
343 3947 439 4011 efficere,
452 3951 479 3992 et
489 3944 536 3991 alia
546 3945 672 4008 ejusmodi,
684 3943 769 4006 quibus
780 3945 839 3994 locis
849 3946 929 4006 magis
939 3960 1052 4009 usurpare
1062 3945 1191 3993 nonlicet.
1224 3946 1291 4009 Lege

224 4168 246 4203 ¹⁶
263 4170 329 4218 Raro
346 4187 386 4234 pro
394 4176 448 4236 plus
458 4174 554 4237 ponitur
571 4173 655 4235 mugit.
683 4174 734 4222 cte.
742 4189 786 4236 pro
800 4174 860 4221 Ceel.
871 4190 892 4222 c.
902 4178 926 4222 6.
943 4175 1002 4222 siin
1014 4177 1108 4240 magnis
1119 4177 1225 4226 catervis
1235 4176 1293 4225 ami·

176 4250 263 4288 corum
276 4235 390 4288 Catilina
398 4237 447 4290 suit
459 4238 534 4291 etiam
542 4237 641 4299 Coelius,
651 4237 729 4304 66616
739 4237 1065 4303 666611666661661616661,
1074 4256 1167 4292 errasse
1172 4256 1210 4303 se,
1221 4256 1296 4308 quam
