2670 4636
140 281 198 339 354
453 279 624 340 HORATll
653 278 896 339 TURSELLlNI
1070 283 1230 360 [cursous

344 428 357 457 ¹
369 431 394 474 4.
413 428 511 491 Quoquo
527 429 593 477 modo
601 443 611 485 ‚·
632 428 659 478 in
673 430 792 478 whatever
806 443 868 492 noaq,
880 442 907 476 or
917 441 1025 477 manner.

175 507 226 556 Cio.
238 507 254 558 l.
267 511 288 558 l.
303 508 369 557 an.
380 523 416 572 ep.
428 514 452 557 5.
478 509 574 563 Catoni,
584 523 678 572 quoquo
693 509 802 558 modose
819 508 1119 570 resbnbcat,'resietimus.
1151 505 1230 556 'sod

141 572 200 622 ibid.
212 574 228 620 l.
240 579 263 622 6.
274 589 309 637 ep.
320 577 360 620 26.
371 583 395 620 et
408 573 423 621 l.
435 579 459 623 3.
471 576 499 623 de
514 573 565 638 Off.
575 589 598 621 c.
609 579 641 624 22
651 582 678 621 et
688 578 729 624 23.
744 575 802 623 Vid.
812 575 873 622 intro
886 575 1015 630 Quomodo.

582 736 643 802 §IL
660 739 790 796 Qursous.
810 797 813 805 Ι

133 866 136 870 ⁴
176 840 199 885 1.
217 835 322 898 Quisque
334 835 398 883 idem
410 836 473 897 quod
484 836 648 948 unusqu'usspe,
657 838 667 868 ⁶
677 836 790 900 postponi
805 844 886 883 antem
896 837 957 884 solet
973 838 1120 901 pronomini,
1137 845 1180 885 ant
1190 850 1231 884 no·

140 900 209 949 mini.
227 902 278 950 Cie-
288 900 305 948 l.
314 901 375 948 &de
387 901 448 950 Nat.
458 901 492 949 D.
503 905 572 950 oid.
616 901 721 965 ‘anysius
738 900 822 957 edixit,
842 908 869 948 ut
887 900 951 964 qood
961 902 1087 964 quinques
1100 903 1230 950 sacris'bs·

139 965 214 1020 beret,
231 965 258 1012 id
274 973 329 1013 ente
348 965 412 1012 diem
429 975 518 1012 certem
535 965 560 1013 in
577 981 646 1014 suum
663 965 774 1028 quodque
790 966 872 1012 tanum
888 966 992 1013 referret.
1008 981 1079 1033 every
1091 982 1137 1016 one
1153 967 1232 1016 ausit

138 1035 228 1079 restore
241 1032 262 1078 it
282 1037 305 1079 to
323 1031 362 1077 tlie
377 1031 469 1093 temple,
484 1035 508 1079 to
518 1030 594 1078 wliicb
610 1031 631 1078 it
644 1030 765 1092 belonged.
798 1031 838 1078 ld.
849 1031 866 1077 l.
877 1034 900 1080 1.
912 1033 941 1080 de
954 1033 1026 1080 Orat.
1036 1047 1058 1081 c.
1070 1036 1113 1081 28.
1131 1031 1231 1079 Roscios

134 1094 226 1157 jamdiu
238 1096 282 1142 boc
293 1102 330 1140 est
340 1102 488 1148 consecutus,
506 1103 533 1140 ut
543 1094 568 1141 in
582 1109 629 1156 quo
641 1094 741 1158 quisque
758 1094 857 1142 artificio
866 1095 1001 1150 excelleret,
1012 1095 1035 1142 is
1044 1096 1071 1143 in
1089 1110 1135 1144 suo
1147 1110 1229 1160 genere

140 1159 243 1206 Roscius
263 1159 389 1206 diceretur.
422 1159 460 1207 Id·
471 1161 500 1207 dc
519 1159 575 1220 Opt.
595 1162 665 1207 Orat.
678 1175 699 1206 c.
710 1164 735 1208 9.
752 1159 782 1206 In
793 1159 879 1207 ceteris
895 1174 952 1207 mus
968 1169 1005 1208 est
1023 1162 1141 1226 cujusque
1156 1169 1230 1209 certos

138 1239 217 1271 sonus.
236 1226 274 1272 ld.
286 1224 302 1270 l.
313 1227 337 1272 6.
355 1224 425 1272 Fam.
436 1238 471 1284 ep.
481 1228 506 1272 1.
521 1223 557 1270 Es
567 1231 605 1270 est
618 1223 761 1287 perturbatio
775 1223 880 1271 omnium
897 1239 990 1272 rerum:
1009 1234 1037 1273 ut
1053 1241 1105 1274 suoe
1116 1239 1231 1289 quemque

136 1287 236 1335 fortunas
254 1287 355 1335 maxime
371 1287 494 1350 poeniteat.
510 1288 562 1337 tliat
577 1289 615 1336 liis
630 1304 684 1336 oron
697 1290 815 1337 condition
825 1304 922 1351 appears
934 1295 957 1338 to
967 1305 1037 1353 every
1053 1306 1098 1340 one
1116 1296 1141 1340 to
1152 1293 1178 1340 be
1193 1290 1228 1337 tte

136 1360 217 1401 noaret.
235 1354 274 1401 ld.
284 1355 316 1402 ao
324 1353 395 1409 Quin.
406 1369 428 1400 c.
440 1358 462 1401 l.
480 1351 545 1408 Quid
561 1351 655 1400 dulcius
670 1353 793 1400 hominum
807 1353 889 1415 generi
898 1360 984 1402 netnrn
997 1353 1084 1402 datum
1102 1364 1150 1412 eet,
1161 1369 1226 1418 quom

131 1417 175 1464 sui
183 1417 270 1480 cuique
277 1417 345 1465 liberi
355 1418 363 1463 ἓ
380 1418 420 1466 Id.
428 1433 471 1480 pro
478 1417 540 1465 Rae.
548 1417 619 1466 Post.
626 1433 650 1464 c.
659 1421 699 1465 12.
714 1418 794 1465 Tertio
800 1433 894 1480 quoque
901 1419 974 1466 verbo
980 1416 1149 1467 excitabantur
1159 1419 1228 1467 Alex·

132 1482 241 1530 -ondrini
255 1488 282 1532 at
300 1497 368 1545 every
389 1483 454 1530 tbird
465 1484 537 1531 word.
557 1483 594 1531 ld.
606 1486 622 1531 2
636 1483 705 1532 Vere.
717 1498 738 1530 c.
751 1487 791 1531 66.
808 1483 898 1539 Quinto
908 1498 1002 1547 quoque
1014 1498 1078 1532 sono
1089 1484 1174 1533 Sicilia
1182 1490 1228 1532 eon

137 1556 256 1596 censetur.
272 1563 341 1612 every
346 1547 406 1612 fislb
415 1561 480 1610 year.

589 1649 614 1693 2.
631 1644 781 1694 Admonitio.

171 1727 233 1774 Cum
244 1726 310 1774 adest
320 1740 451 1787 pronomen
461 1740 494 1788 se,
505 1739 568 1781 suus,
579 1727 628 1788 qui,
639 1727 734 1786 tertius,
745 1724 882 1790 (⁸optimus‚
890 1726 1019 1790 penninos)
1033 1735 1076 1775 sut
1088 1727 1154 1776 uliud
1161 1727 1227 1792 ,ejas-

136 1791 200 1839 modi
211 1808 218 1849 ;
234 1793 330 1854 quisque
341 1789 447 1854 praeponi
455 1806 502 1837 non
513 1790 583 1846 solet,
593 1791 636 1838 sed
645 1791 765 1854 postponi,
777 1791 825 1838 sic:
844 1791 877 1842 Se
888 1792 986 1856 quisque
996 1792 1089 1855 diligit,
1098 1808 1144 1842 suo
1153 1807 1226 1858 quens·

136 1871 180 1919 que
195 1857 321 1919 delectant,
332 1859 393 1918 quod
403 1856 485 1918 cuique
496 1855 592 1918 obtigit,
602 1860 683 1904 octauo
694 1871 781 1919 quoque
791 1855 857 1904 die.⁶

521 1974 545 2019 4.
563 1970 676 2018 Decimus
689 1971 784 2034 quisque
795 1977 841 2018 cet.

171 2054 281 2102 Decimus
297 2051 393 2115 quisque
405 2058 443 2098 est
459 2064 541 2100 unane
556 2052 650 2106 deeem5
666 2052 803 2099 centesimus
819 2051 923 2113 quisque.
942 2050 1004 2099 unus
1020 2065 1033 2098 e
1048 2056 1142 2099 eentum
1160 2051 1227 2114 (sive

134 2118 215 2179 potius
225 2134 238 2164 e
249 2117 353 2172 decurio,
364 2116 471 2162 centuria
482 2130 575 2177 qunque
590 2117 673 2170 unns).
706 2117 761 2164 lio.
773 2116 789 2161 l.
800 2120 825 2164 2.
835 2131 858 2162 c.
870 2119 910 2163 39.
926 2115 1015 2164 Cetera
1024 2115 1151 2177 multitudo
1162 2124 1227 2163 sorte

134 2181 240 2228 decimus
250 2183 349 2243 quisque
360 2181 390 2226 sd
401 2180 544 2242 supplicium
555 2180 620 2228 lecti.
653 2179 732 2227 'Add
746 2181 829 2228 Coesar
843 2181 860 2226 l.
872 2184 896 2227 5.
908 2181 941 2229 Β.
955 2181 989 2228 G.
999 2195 1024 2227 c.
1033 2183 1072 2229 32.
1081 2181 1097 2244 §
1107 2185 1133 2230 2.
1144 2180 1227 2229 etta.

134 2262 156 2292 c.
169 2250 209 2294 36.
226 2247 239 2308 §
251 2250 276 2294 3.
292 2245 347 2293 Lio.
358 2245 375 2291 l.
387 2248 428 2292 42.
439 2260 461 2294 c.
473 2247 514 2294 48.
527 2244 578 2292 Cic.
591 2245 641 2302 1.5.
654 2245 721 2293 Fam.
733 2260 768 2306 ep.
781 2249 808 2305 5.Ι

566 2356 612 2407 ’4.
632 2359 803 2421 Unusquisque.

168 2442 219 2490 (lie.
236 2441 253 2488 l.
269 2444 292 2488 l.
305 2442 334 2488 de
354 2439 406 2504 Off.
423 2454 446 2485 c.
457 2441 497 2486 17.
514 2437 628 2484 Omnium
647 2439 788 2485 societatum
807 2439 872 2485 nulls
883 2439 970 2498 gratior
979 2445 1024 2495 eet,
1039 2453 1112 2502 quom
1125 2402 1166 2495 eni
1175 2451 1225 2500 qno

133 2523 187 2555 cum
201 2505 324 2569 republica
337 2515 375 2552 est
395 2503 523 2566 unicuique
535 2509 649 2550 nostrum.
682 2504 720 2551 ld.
730 2518 773 2566 pro
784 2503 854 2551 Roee.
866 2506 920 2552 Aen.
931 2519 953 2552 c.
964 2508 1006 2553 42.

487 2617 501 2646 i
514 2623 537 2666 ὁ.
558 2619 722 2681 Unusquisque
737 2626 792 2683 post
801 2633 865 2668 enus.

167 2704 260 2752 Pallori.
270 2703 287 2749 l.
299 2706 321 2750 l.
333 2701 370 2747 tit.
381 2703 421 2747 39.
437 2698 528 2746 Contra
543 2699 595 2745 haec
606 2707 631 2744 et
645 2705 733 2754 cetera,
744 2713 787 2744 suo
796 2697 981 2760 unumquodque
992 2712 1076 2745 mense
1092 2697 1225 2747 reddemus.

132 2768 256 2815 Interdum
266 2766 419 2831 praeponitur.
443 2764 496 2812 Lio.
507 2763 525 2809 l.
536 2767 559 2812 3.
568 2778 590 2810 c.
598 2767 639 2813 68.
656 2764 672 2811 J
674 2779 712 2810 am
722 2762 852 2826 unicuique
863 2779 894 2811 ex
905 2763 1019 2824 egrissus
1030 2765 1121 2811 domno
1128 2764 1224 2812 nuncio·

130 2832 225 2880 bantur.
1043 2858 1047 2864 ·

165 2897 237 2954 Quod
250 2896 271 2943 ei
284 2895 343 2941 nihil
354 2900 390 2941 est
403 2892 526 2957 ejusmodi,
543 2892 643 2940 liberius
658 2900 792 2955 usurpatur.
828 2893 879 2940 Cio.
889 2892 906 2938 l.
915 2897 939 2940 2.
949 2892 979 2940 ile
990 2893 1053 2940 Ναί.
1065 2894 1142 2942 Deer.
1154 2909 1176 2942 c.
1186 2897 1222 2941 ll.

132 2962 282 3025 Principatus
292 2967 336 3014 est,
347 2972 393 3020 quo
405 2957 464 3004 nibil
475 2959 500 3004 in
512 2973 606 3021 quoqne
617 2971 702 3020 genere
711 2964 791 3019 potest
798 2972 852 3004 esse
858 2957 1018 3018 prestantius.
1035 2957 1182 3007 'CasurR
1194 2959 1225 3006 G.

131 3027 149 3074 l.
160 3031 185 3074 6.
197 3042 218 3073 c.
229 3030 270 3074 23.
286 3022 401 3086 Hospites
413 3021 544 3069 violaretis
552 3038 600 3077 non
610 3029 695 3084 putent
705 3038 710 3067 :
729 3021 769 3084 qui
779 3037 872 3084 quaque
884 3021 995 3071 decanea
1006 3020 1037 3068 sd
1048 3037 1093 3069 eos
1103 3029 1224 3077 venerunt,

132 3090 161 3137 nb
176 3089 262 3152 injuria
281 3090 407 3151 prohibent
423 3095 563 3148 sanctosque
581 3088 677 3133 habent.
708 3087 791 3134 Poetae
807 3096 896 3148 eutem,
913 3085 984 3133 etium
1003 3102 1060 3134 cum
1083 3087 1153 3135 adest
1174 3102 1221 3150 pro·

38 3200 40 3204 .
131 3169 218 3201 nomen
239 3168 303 3208 suus,
322 3152 444 3200 liberiores
463 3158 528 3198 sunt.
566 3151 635 3212 Virg.
655 3150 671 3198 l.
688 3154 712 3198 6.
728 3153 785 3200 AEn.
803 3167 827 3199 v.
843 3155 899 3200 743.
917 3150 1027 3213 Quisque
1046 3166 1105 3200 euos
1126 3152 1223 3215 potimur

127 3233 221 3270 manee.

163 3427 253 3476 6Νιιιιι
270 3425 396 3473 Plautinus
409 3441 464 3473 usus
473 3425 600 3473 obsolevit.
631 3426 714 3474 Plani.
724 3427 782 3476 Mil.
794 3429 862 3477 Glar.
871 3431 897 3476 2.
907 3431 966 3475 2-6.
982 3425 1110 3489 Quemque
1124 3423 1220 3472 nmilite

131 3495 175 3542 boc
188 3492 296 3540 videritis
306 3491 426 3537 bominem
435 3491 460 3536 in
470 3490 556 3539 nostris
565 3490 661 3553 tegulis,
677 3492 723 3538 huc
738 3491 888 3540 deturbatote
903 3492 928 3538 in
938 3491 1009 3537 viem.
1034 3489 1075 3538 ld.
1089 3491 1193 3539 Mereat·
1202 3494 1222 3538 l.

132 3564 155 3608 1.
167 3561 208 3608 20.
226 3558 286 3604 Haec
297 3571 345 3603 non
357 3556 426 3602 illum
436 3556 506 3604 modo
517 3556 559 3618 qui
569 3563 640 3612 amat,
654 3554 698 3604 sed
709 3572 826 3620 quemque
843 3557 930 3620 attigit,
947 3569 1031 3616 magno
1048 3555 1139 3603 multet
1152 3554 1220 3602 inta-

130 3623 205 3672 tnnio.
220 3624 238 3672 i.
247 3638 269 3671 e.
280 3635 453 3685 quemcunque.

162 3687 173 3718 ⁶
189 3688 267 3736 Recte
277 3694 359 3734 monet
369 3684 455 3742 linter,
472 3699 549 3748 neque
561 3685 677 3733 imitanda
687 3693 743 3732 eunt
756 3694 844 3733 temere
855 3685 963 3747 exemplu
972 3683 1101 3733 contrusio.
1135 3685 1186 3734 cto.
1198 3685 1222 3734 in

130 3756 191 3804 Lei.
203 3771 224 3801 c.
237 3757 276 3801 16.
292 3753 371 3798 Tertia
379 3749 497 3797 sententis
506 3757 552 3806 est,
564 3759 590 3797 ut
599 3750 682 3813 quanti
693 3751 793 3813 quisque
805 3766 830 3797 se
839 3751 892 3813 ipse
900 3751 965 3806 tacit,
972 3747 1035 3796 tanti
1043 3748 1089 3796 fist
1095 3749 1124 3797 eb
1132 3749 1221 3798 amicis.

131 3822 167 3868 Et
176 3835 244 3868 mox:
262 3817 358 3864 Tertius
367 3815 409 3861 ille
419 3815 472 3861 finis
483 3813 624 3863 deterrimus
634 3814 678 3872 eet)
686 3814 803 3878 utquano'
811 3816 910 3878 quisque
921 3815 1009 3877 seipse
1019 3814 1103 3870 locist,
1114 3817 1179 3863 tenti
1184 3815 1221 3862 fiat

131 3885 162 3932 ub
181 3884 273 3932 omicis.
305 3881 406 3930 Hirtius
416 3880 449 3928 Β.
461 3878 518 3940 life.
529 3896 551 3929 c.
565 3885 605 3929 31.
615 3894 640 3927 n.
650 3884 675 3930 2.
697 3880 821 3944 Equitatui
830 3895 923 3943 qnoque
934 3877 1016 3934 edicit,
1027 3885 1056 3925 ut
1067 3880 1173 3944 quisque
1182 3894 1221 3927 suo

129 3950 182 3996 loco
202 3957 294 4010 paratus
309 3953 459 4008 armatusque
477 3952 562 4004 praeeto
576 3951 649 3993 esset.
684 3946 805 3994 Columell.
822 3946 839 3993 l.
850 3949 889 3993 12.
901 3961 923 3993 c.
938 3948 962 3992 3.
980 3942 1077 4006 Cuique
1088 3960 1135 3993 sua
1149 3951 1221 3994 annn-

131 4012 279 4060 meravimus.
311 4012 346 4059 Et
356 4025 427 4059 mou:
444 4007 628 4066 Admmuirnue,
643 4010 781 4074 utquisque
796 4025 838 4057 suo
848 4011 901 4057 loco
910 4019 1047 4072 reponeret.
1084 4009 1165 4060 Tacit.
1173 4010 1190 4058 l.
1199 4013 1222 4057 o.

131 4078 197 4127 Anu.
208 4093 229 4124 c.
241 4077 333 4138 soti.
356 4073 466 4121 Vitellius
482 4083 565 4122 monet
582 4075 646 4132 illos,
661 4073 801 4139 obsequium
812 4075 836 4122 in
852 4090 938 4139 regem,
951 4073 1111 4122 reverentiam
1127 4076 1155 4123 in
1171 4088 1220 4127 nos.

131 4141 205 4190 decus
221 4141 320 4204 quisque
331 4153 400 4186 sunm
408 4147 433 4186 et
449 4138 521 4186 fidem
529 4140 666 4187 retinerent.
679 4141 731 4190 Cic.
743 4141 758 4187 1.
770 4143 793 4187 3.
803 4142 832 4188 de
845 4141 915 4189 Orat.
926 4155 948 4186 c.
959 4141 999 4188 18.
1012 4138 1105 4187 Contra
1115 4140 1151 4197 id,
1161 4138 1220 4202 quod

122 4207 227 4275 quisque
237 4221 262 4254 se
269 4202 359 4253 sentire
370 4202 482 4268 dixisset,
490 4203 618 4269 disputare.
635 4204 689 4252 Huc
698 4205 762 4253 reter
768 4204 829 4252 illud
839 4205 959 4253 Columell.
969 4204 987 4252 l.
997 4208 1021 4253 8.
1030 4221 1053 4254 c.
1063 4210 1089 4253 6.
1104 4203 1221 4268 Eligends

115 4292 222 4342 qumque
246 4272 341 4339 optimo
357 4279 383 4320 et
405 4269 526 4320 deteriora
544 4269 681 4319 vendendo.
714 4271 797 4320 Senon.
811 4269 867 4317 vn.
882 4269 955 4315 Boot.
969 4273 1045 4316 nnn.
1069 4269 1134 4319 Cum
1150 4269 1221 4318 mnlts

105 4338 513 4410 sint,quaequ1squesundioere
527 4337 600 4388 velit.
618 4338 733 4387 Etnon:
749 4332 825 4390 Quod
832 4331 932 4394 quisque
941 4334 1228 4390 euumuunnneiundiu.
