<?xml version="1.0" encoding="UTF-8"?>
<!DOCTYPE html PUBLIC "-//W3C//DTD XHTML 1.0 Transitional//EN"
    "http://www.w3.org/TR/xhtml1/DTD/xhtml1-transitional.dtd">
<html xmlns="http://www.w3.org/1999/xhtml" xml:lang="en" lang="en">
 <head>
  <title>
</title>
<meta http-equiv="Content-Type" content="text/html;charset=utf-8" />
  <meta name='ocr-system' content='tesseract 3.04.00' />
  <meta name='ocr-capabilities' content='ocr_page ocr_carea ocr_par ocr_line ocrx_word'/>
</head>
<body>
  <div class='ocr_page' id='page_1' title='image "./horatiiturselli00schwgoog/horatiiturselli00schwgoog_0216.png"; bbox 0 0 2670 4636; ppageno 0'>
   <div class='ocr_carea' id='block_1_1' title="bbox 111 184 1209 303">
    <p class='ocr_par' dir='ltr' id='par_1_1' title="bbox 111 184 1209 303">
     <span class='ocr_line' id='line_1_1' title="bbox 111 184 1209 303; baseline 0 -40"><span class='ocrx_word' id='word_1_1' title='bbox 111 192 185 303; x_wconf 70' lang='lat' dir='ltr'>-uq</span> <span class='ocrx_word' id='word_1_2' title='bbox 467 198 522 260; x_wconf 81' lang='lat' dir='ltr'>un</span> <span class='ocrx_word' id='word_1_3' title='bbox 551 199 878 262; x_wconf 71' lang='lat' dir='ltr'>runurouusuo.</span> <span class='ocrx_word' id='word_1_4' title='bbox 925 184 932 195; x_wconf 85' lang='grc'><em>“</em></span> <span class='ocrx_word' id='word_1_5' title='bbox 1150 200 1209 263; x_wconf 78' lang='lat' dir='ltr'>ooo</span> 
     </span>
    </p>
   </div>
   <div class='ocr_carea' id='block_1_2' title="bbox 95 344 1207 477">
    <p class='ocr_par' dir='ltr' id='par_1_2' title="bbox 95 344 1207 477">
     <span class='ocr_line' id='line_1_2' title="bbox 95 344 1207 414; baseline -0.001 -17"><span class='ocrx_word' id='word_1_6' title='bbox 95 355 172 409; x_wconf 23' lang='lat' dir='ltr'>*eren</span> <span class='ocrx_word' id='word_1_7' title='bbox 183 344 323 412; x_wconf 73' lang='lat' dir='ltr'>simpliciter</span> <span class='ocrx_word' id='word_1_8' title='bbox 332 347 356 396; x_wconf 87' lang='lat' dir='ltr'>el</span> <span class='ocrx_word' id='word_1_9' title='bbox 371 347 419 395; x_wconf 85' lang='lat' dir='ltr'>vlm</span> <span class='ocrx_word' id='word_1_10' title='bbox 430 346 569 397; x_wconf 75' lang='lat' dir='ltr'>mseuuui</span> <span class='ocrx_word' id='word_1_11' title='bbox 579 354 605 398; x_wconf 82' lang='lat' dir='ltr'>et</span> <span class='ocrx_word' id='word_1_12' title='bbox 620 347 778 414; x_wconf 78' lang='lat' dir='ltr'>conjungendi</span> <span class='ocrx_word' id='word_1_13' title='bbox 795 355 876 412; x_wconf 83' lang='lat' dir='ltr'>pertee</span> <span class='ocrx_word' id='word_1_14' title='bbox 889 346 1091 412; x_wconf 71' lang='lat' dir='ltr'>reprehensionis,</span> <span class='ocrx_word' id='word_1_15' title='bbox 1109 360 1207 398; x_wconf 82' lang='lat' dir='ltr'>enume-</span> 
     </span>
     <span class='ocr_line' id='line_1_3' title="bbox 112 412 419 477; baseline 0 -17"><span class='ocrx_word' id='word_1_16' title='bbox 112 413 217 462; x_wconf 69' lang='lat' dir='ltr'>rationis</span> <span class='ocrx_word' id='word_1_17' title='bbox 232 421 278 462; x_wconf 82' lang='lat' dir='ltr'>eto.</span> <span class='ocrx_word' id='word_1_18' title='bbox 291 412 419 477; x_wconf 84' lang='lat' dir='ltr'>tribuere.)</span> 
     </span>
    </p>
   </div>
   <div class='ocr_carea' id='block_1_3' title="bbox 490 510 831 560">
    <p class='ocr_par' dir='ltr' id='par_1_3' title="bbox 490 510 831 560">
     <span class='ocr_line' id='line_1_4' title="bbox 490 510 831 560; baseline 0 0"><span class='ocrx_word' id='word_1_19' title='bbox 490 516 515 560; x_wconf 88' lang='grc'>2.</span> <span class='ocrx_word' id='word_1_20' title='bbox 531 510 632 560; x_wconf 85' lang='lat' dir='ltr'>Nomio</span> <span class='ocrx_word' id='word_1_21' title='bbox 644 512 831 560; x_wconf 80' lang='lat' dir='ltr'>enumeratione.</span> 
     </span>
    </p>
   </div>
   <div class='ocr_carea' id='block_1_4' title="bbox 110 589 1209 1172">
    <p class='ocr_par' dir='ltr' id='par_1_4' title="bbox 110 589 1209 848">
     <span class='ocr_line' id='line_1_5' title="bbox 145 589 1208 701; baseline 0.003 -64"><span class='ocrx_word' id='word_1_22' title='bbox 145 589 216 654; x_wconf 75' lang='lat' dir='ltr'>Saepe</span> <span class='ocrx_word' id='word_1_23' title='bbox 226 603 281 666; x_wconf 69' lang='lat' dir='ltr'>nom</span> <span class='ocrx_word' id='word_1_24' title='bbox 288 589 314 637; x_wconf 93' lang='lat' dir='ltr'>in</span> <span class='ocrx_word' id='word_1_25' title='bbox 323 590 501 667; x_wconf 69' lang='lat' dir='ltr'>enumeratione</span> <span class='ocrx_word' id='word_1_26' title='bbox 513 599 656 654; x_wconf 79' lang='lat' dir='ltr'>postremum</span> <span class='ocrx_word' id='word_1_27' title='bbox 668 593 747 640; x_wconf 84' lang='lat' dir='ltr'>locum</span> <span class='ocrx_word' id='word_1_28' title='bbox 760 591 873 668; x_wconf 48' lang='lat' dir='ltr'>obtinet?</span> <span class='ocrx_word' id='word_1_29' title='bbox 885 597 913 638; x_wconf 88' lang='lat' dir='ltr'>ut</span> <span class='ocrx_word' id='word_1_30' title='bbox 924 589 1117 701; x_wconf 34' lang='lat' dir='ltr'>subjicire-quod</span> <span class='ocrx_word' id='word_1_31' title='bbox 1128 589 1208 666; x_wconf 76' lang='lat' dir='ltr'>requi·</span> 
     </span>
     <span class='ocr_line' id='line_1_6' title="bbox 110 655 1209 769; baseline -0.001 -1"><span class='ocrx_word' id='word_1_32' title='bbox 110 655 396 769; x_wconf 51' lang='lat' dir='ltr'>qupi&#39;imrffl&#39;r.</span> <span class='ocrx_word' id='word_1_33' title='bbox 410 656 581 767; x_wconf 56' lang='lat' dir='ltr'>Niuoffi</span> <span class='ocrx_word' id='word_1_34' title='bbox 590 656 607 767; x_wconf 66' lang='lat'>¹13</span> <span class='ocrx_word' id='word_1_35' title='bbox 617 655 878 768; x_wconf 55' lang='lat' dir='ltr'>diedtidmffefflidffi</span> <span class='ocrx_word' id='word_1_36' title='bbox 889 670 934 768; x_wconf 56' lang='lat' dir='ltr'>eid</span> <span class='ocrx_word' id='word_1_37' title='bbox 944 655 1209 769; x_wconf 56' lang='lat' dir='ltr'>Ne.G¹·⁸ir.¹⁰ued¹i⁸m‘i0³.</span> 
     </span>
     <span class='ocr_line' id='line_1_7' title="bbox 110 734 1141 848; baseline 0 -17"><span class='ocrx_word' id='word_1_38' title='bbox 110 799 136 831; x_wconf 87' lang='lat' dir='ltr'>e.</span> <span class='ocrx_word' id='word_1_39' title='bbox 152 787 194 831; x_wconf 83' lang='grc'>27.</span> <span class='ocrx_word' id='word_1_40' title='bbox 205 784 221 830; x_wconf 91' lang='lat' dir='ltr'>l.</span> <span class='ocrx_word' id='word_1_41' title='bbox 232 787 272 833; x_wconf 91' lang='grc'>16.</span> <span class='ocrx_word' id='word_1_42' title='bbox 283 734 401 847; x_wconf 44' lang='lat' dir='ltr'>Furiidep.</span> <span class='ocrx_word' id='word_1_43' title='bbox 416 787 457 832; x_wconf 90' lang='grc'>21.</span> <span class='ocrx_word' id='word_1_44' title='bbox 472 734 542 834; x_wconf 69' lang='lat' dir='ltr'>lqli.</span> <span class='ocrx_word' id='word_1_45' title='bbox 553 736 592 848; x_wconf 46' lang='lat' dir='ltr'>epi</span> <span class='ocrx_word' id='word_1_46' title='bbox 599 789 623 833; x_wconf 88' lang='grc'>6.</span> <span class='ocrx_word' id='word_1_47' title='bbox 635 793 659 832; x_wconf 81' lang='lat' dir='ltr'>et</span> <span class='ocrx_word' id='word_1_48' title='bbox 669 788 708 833; x_wconf 91' lang='grc'>11.</span> <span class='ocrx_word' id='word_1_49' title='bbox 721 787 775 836; x_wconf 78' lang='lat' dir='ltr'>Aet.</span> <span class='ocrx_word' id='word_1_50' title='bbox 786 782 823 847; x_wconf 68' lang='lat' dir='ltr'>ip.</span> <span class='ocrx_word' id='word_1_51' title='bbox 834 736 959 847; x_wconf 59' lang='lat' dir='ltr'>meique</span> <span class='ocrx_word' id='word_1_52' title='bbox 970 784 1057 833; x_wconf 73' lang='lat' dir='ltr'>Manet.</span> <span class='ocrx_word' id='word_1_53' title='bbox 1067 800 1089 832; x_wconf 88' lang='lat' dir='ltr'>o.</span> <span class='ocrx_word' id='word_1_54' title='bbox 1102 788 1141 834; x_wconf 92' lang='grc'>12.</span> 
     </span>
    </p>

    <p class='ocr_par' dir='ltr' id='par_1_5' title="bbox 110 847 1209 1172">
     <span class='ocr_line' id='line_1_8' title="bbox 146 847 1208 911; baseline 0.001 -16"><span class='ocrx_word' id='word_1_55' title='bbox 146 848 179 878; x_wconf 73' lang='grc'>“’</span> <span class='ocrx_word' id='word_1_56' title='bbox 190 848 224 895; x_wconf 90' lang='grc' dir='ltr'>Ι).</span> <span class='ocrx_word' id='word_1_57' title='bbox 241 849 307 896; x_wconf 86' lang='lat' dir='ltr'>Nom</span> <span class='ocrx_word' id='word_1_58' title='bbox 323 863 387 911; x_wconf 81' lang='lat' dir='ltr'>eaepe</span> <span class='ocrx_word' id='word_1_59' title='bbox 405 848 539 896; x_wconf 84' lang='lat' dir='ltr'>trnneitioui</span> <span class='ocrx_word' id='word_1_60' title='bbox 557 850 632 899; x_wconf 78' lang='lat' dir='ltr'>servit</span> <span class='ocrx_word' id='word_1_61' title='bbox 645 850 698 897; x_wconf 84' lang='lat' dir='ltr'>eine</span> <span class='ocrx_word' id='word_1_62' title='bbox 717 848 765 897; x_wconf 84' lang='lat' dir='ltr'>ulie</span> <span class='ocrx_word' id='word_1_63' title='bbox 783 864 860 897; x_wconf 79' lang='lat' dir='ltr'>neuere</span> <span class='ocrx_word' id='word_1_64' title='bbox 877 848 1058 911; x_wconf 77' lang='lat' dir='ltr'>eiguifioutiune,</span> <span class='ocrx_word' id='word_1_65' title='bbox 1077 847 1208 896; x_wconf 82' lang='lat' dir='ltr'>membrum</span> 
     </span>
     <span class='ocr_line' id='line_1_9' title="bbox 110 911 1208 977; baseline 0.002 -18"><span class='ocrx_word' id='word_1_66' title='bbox 110 912 221 960; x_wconf 84' lang='lat' dir='ltr'>membro</span> <span class='ocrx_word' id='word_1_67' title='bbox 232 913 390 976; x_wconf 76' lang='lat' dir='ltr'>agglutinemu-</span> <span class='ocrx_word' id='word_1_68' title='bbox 424 913 476 961; x_wconf 81' lang='lat' dir='ltr'>Cio.</span> <span class='ocrx_word' id='word_1_69' title='bbox 487 912 504 960; x_wconf 91' lang='lat' dir='ltr'>l.</span> <span class='ocrx_word' id='word_1_70' title='bbox 515 917 539 961; x_wconf 82' lang='grc'>3.</span> <span class='ocrx_word' id='word_1_71' title='bbox 551 915 619 964; x_wconf 84' lang='lat' dir='ltr'>Fam.</span> <span class='ocrx_word' id='word_1_72' title='bbox 631 928 667 977; x_wconf 85' lang='lat' dir='ltr'>ep.</span> <span class='ocrx_word' id='word_1_73' title='bbox 676 918 716 963; x_wconf 93' lang='grc'>11.</span> <span class='ocrx_word' id='word_1_74' title='bbox 732 912 794 962; x_wconf 81' lang='lat' dir='ltr'>Nem</span> <span class='ocrx_word' id='word_1_75' title='bbox 808 914 932 975; x_wconf 73' lang='lat' dir='ltr'>augurales</span> <span class='ocrx_word' id='word_1_76' title='bbox 946 912 1018 960; x_wconf 82' lang='lat' dir='ltr'>libros</span> <span class='ocrx_word' id='word_1_77' title='bbox 1037 911 1067 959; x_wconf 81' lang='lat' dir='ltr'>ed</span> <span class='ocrx_word' id='word_1_78' title='bbox 1082 926 1208 961; x_wconf 85' lang='lat' dir='ltr'>commune</span> 
     </span>
     <span class='ocr_line' id='line_1_10' title="bbox 111 976 1208 1041; baseline 0.001 -17"><span class='ocrx_word' id='word_1_79' title='bbox 111 977 236 1041; x_wconf 77' lang='lat' dir='ltr'>utriusque</span> <span class='ocrx_word' id='word_1_80' title='bbox 250 985 358 1025; x_wconf 83' lang='lat' dir='ltr'>nostrum</span> <span class='ocrx_word' id='word_1_81' title='bbox 371 977 447 1024; x_wconf 88' lang='lat' dir='ltr'>otium</span> <span class='ocrx_word' id='word_1_82' title='bbox 463 985 539 1026; x_wconf 76' lang='lat' dir='ltr'>serve.</span> <span class='ocrx_word' id='word_1_83' title='bbox 572 979 612 1027; x_wconf 85' lang='lat' dir='ltr'>Id.</span> <span class='ocrx_word' id='word_1_84' title='bbox 621 979 647 1026; x_wconf 79' lang='lat' dir='ltr'>in</span> <span class='ocrx_word' id='word_1_85' title='bbox 659 978 760 1028; x_wconf 69' lang='lat' dir='ltr'>Sulloni-</span> <span class='ocrx_word' id='word_1_86' title='bbox 771 994 793 1027; x_wconf 82' lang='lat' dir='ltr'>o.</span> <span class='ocrx_word' id='word_1_87' title='bbox 804 983 828 1027; x_wconf 73' lang='lat'>8.</span> <span class='ocrx_word' id='word_1_88' title='bbox 845 977 907 1027; x_wconf 87' lang='lat' dir='ltr'>Nem</span> <span class='ocrx_word' id='word_1_89' title='bbox 919 976 984 1041; x_wconf 92' lang='lat' dir='ltr'>quod</span> <span class='ocrx_word' id='word_1_90' title='bbox 994 977 1018 1024; x_wconf 89' lang='lat' dir='ltr'>in</span> <span class='ocrx_word' id='word_1_91' title='bbox 1029 991 1125 1024; x_wconf 80' lang='lat' dir='ltr'>uxorem</span> <span class='ocrx_word' id='word_1_92' title='bbox 1135 987 1208 1041; x_wconf 85' lang='lat' dir='ltr'>neque</span> 
     </span>
     <span class='ocr_line' id='line_1_11' title="bbox 111 1040 1209 1107; baseline 0.002 -19"><span class='ocrx_word' id='word_1_93' title='bbox 111 1040 186 1088; x_wconf 79' lang='lat' dir='ltr'>filiam</span> <span class='ocrx_word' id='word_1_94' title='bbox 197 1056 276 1090; x_wconf 76' lang='lat' dir='ltr'>meam</span> <span class='ocrx_word' id='word_1_95' title='bbox 286 1049 334 1090; x_wconf 83' lang='lat' dir='ltr'>tem</span> <span class='ocrx_word' id='word_1_96' title='bbox 344 1043 479 1105; x_wconf 78' lang='lat' dir='ltr'>petulanter</span> <span class='ocrx_word' id='word_1_97' title='bbox 487 1042 596 1107; x_wconf 80' lang='lat' dir='ltr'>invectus</span> <span class='ocrx_word' id='word_1_98' title='bbox 606 1040 656 1091; x_wconf 73' lang='lat' dir='ltr'>eo.⁸</span> <span class='ocrx_word' id='word_1_99' title='bbox 682 1042 731 1090; x_wconf 88' lang='lat' dir='ltr'>Ubi</span> <span class='ocrx_word' id='word_1_100' title='bbox 741 1044 808 1092; x_wconf 81' lang='lat' dir='ltr'>Vallo</span> <span class='ocrx_word' id='word_1_101' title='bbox 818 1044 835 1090; x_wconf 90' lang='lat' dir='ltr'>l.</span> <span class='ocrx_word' id='word_1_102' title='bbox 847 1045 871 1090; x_wconf 90' lang='grc'>2.</span> <span class='ocrx_word' id='word_1_103' title='bbox 882 1043 980 1104; x_wconf 52' lang='lat' dir='ltr'>nnec.</span> <span class='ocrx_word' id='word_1_104' title='bbox 988 1046 1029 1091; x_wconf 77' lang='lat'>5⁵.</span> <span class='ocrx_word' id='word_1_105' title='bbox 1037 1049 1062 1088; x_wconf 90' lang='lat' dir='ltr'>et</span> <span class='ocrx_word' id='word_1_106' title='bbox 1071 1041 1155 1090; x_wconf 67' lang='lat' dir='ltr'>mm.</span> <span class='ocrx_word' id='word_1_107' title='bbox 1164 1040 1209 1090; x_wconf 71' lang='lat' dir='ltr'>ut.</span> 
     </span>
     <span class='ocr_line' id='line_1_12' title="bbox 110 1105 1191 1172; baseline 0.002 -17"><span class='ocrx_word' id='word_1_108' title='bbox 110 1111 137 1155; x_wconf 87' lang='grc'>2.</span> <span class='ocrx_word' id='word_1_109' title='bbox 147 1112 277 1170; x_wconf 75' lang='lat' dir='ltr'>pereuntem</span> <span class='ocrx_word' id='word_1_110' title='bbox 291 1114 421 1172; x_wconf 83' lang='lat' dir='ltr'>exponunt.</span> <span class='ocrx_word' id='word_1_111' title='bbox 437 1106 504 1172; x_wconf 86' lang='lat' dir='ltr'>(edd.</span> <span class='ocrx_word' id='word_1_112' title='bbox 516 1108 612 1157; x_wconf 77' lang='lat' dir='ltr'>Monet.</span> <span class='ocrx_word' id='word_1_113' title='bbox 629 1105 659 1155; x_wconf 85' lang='lat' dir='ltr'>nd</span> <span class='ocrx_word' id='word_1_114' title='bbox 677 1108 730 1156; x_wconf 81' lang='lat' dir='ltr'>cie.</span> <span class='ocrx_word' id='word_1_115' title='bbox 740 1107 757 1156; x_wconf 83' lang='lat'>1.</span> <span class='ocrx_word' id='word_1_116' title='bbox 773 1111 798 1157; x_wconf 85' lang='lat' dir='ltr'>n.</span> <span class='ocrx_word' id='word_1_117' title='bbox 809 1108 879 1158; x_wconf 82' lang='lat' dir='ltr'>Fam.</span> <span class='ocrx_word' id='word_1_118' title='bbox 894 1122 931 1171; x_wconf 85' lang='lat' dir='ltr'>ep.</span> <span class='ocrx_word' id='word_1_119' title='bbox 946 1111 1019 1156; x_wconf 70' lang='lat' dir='ltr'>lbet</span> <span class='ocrx_word' id='word_1_120' title='bbox 1029 1106 1046 1152; x_wconf 92' lang='lat' dir='ltr'>l.</span> <span class='ocrx_word' id='word_1_121' title='bbox 1056 1110 1082 1157; x_wconf 78' lang='grc'>6.</span> <span class='ocrx_word' id='word_1_122' title='bbox 1093 1120 1129 1170; x_wconf 84' lang='lat' dir='ltr'>ep.</span> <span class='ocrx_word' id='word_1_123' title='bbox 1137 1105 1191 1170; x_wconf 79' lang='grc'><strong>26.)</strong></span> 
     </span>
    </p>
   </div>
   <div class='ocr_carea' id='block_1_5' title="bbox 480 1203 830 1270">
    <p class='ocr_par' dir='ltr' id='par_1_6' title="bbox 480 1203 830 1270">
     <span class='ocr_line' id='line_1_13' title="bbox 480 1203 830 1270; baseline 0 -16"><span class='ocrx_word' id='word_1_124' title='bbox 480 1204 495 1234; x_wconf 72' lang='lat'><em>⁶</em></span> <span class='ocrx_word' id='word_1_125' title='bbox 503 1208 527 1254; x_wconf 75' lang='grc'>3.</span> <span class='ocrx_word' id='word_1_126' title='bbox 545 1205 611 1254; x_wconf 83' lang='lat' dir='ltr'>Num</span> <span class='ocrx_word' id='word_1_127' title='bbox 620 1220 664 1269; x_wconf 90' lang='lat' dir='ltr'>pro</span> <span class='ocrx_word' id='word_1_128' title='bbox 674 1219 736 1255; x_wconf 82' lang='lat' dir='ltr'>vero.</span> <span class='ocrx_word' id='word_1_129' title='bbox 753 1203 830 1270; x_wconf 78' lang='lat' dir='ltr'>(eod.)</span> 
     </span>
    </p>
   </div>
   <div class='ocr_carea' id='block_1_6' title="bbox 110 1282 1210 1674">
    <p class='ocr_par' dir='ltr' id='par_1_7' title="bbox 110 1282 1210 1674">
     <span class='ocr_line' id='line_1_14' title="bbox 145 1282 1209 1347; baseline -0.002 -13"><span class='ocrx_word' id='word_1_130' title='bbox 145 1282 214 1334; x_wconf 80' lang='lat' dir='ltr'>Noni</span> <span class='ocrx_word' id='word_1_131' title='bbox 230 1283 352 1332; x_wconf 80' lang='lat' dir='ltr'>continuet</span> <span class='ocrx_word' id='word_1_132' title='bbox 370 1284 440 1333; x_wconf 66' lang='grc'><strong>6666</strong></span> <span class='ocrx_word' id='word_1_133' title='bbox 462 1284 600 1342; x_wconf 80' lang='lat' dir='ltr'>orationem,</span> <span class='ocrx_word' id='word_1_134' title='bbox 618 1286 734 1334; x_wconf 76' lang='lat' dir='ltr'>contrarie</span> <span class='ocrx_word' id='word_1_135' title='bbox 753 1285 816 1333; x_wconf 91' lang='lat' dir='ltr'>iuter</span> <span class='ocrx_word' id='word_1_136' title='bbox 837 1301 861 1333; x_wconf 79' lang='lat' dir='ltr'>se</span> <span class='ocrx_word' id='word_1_137' title='bbox 872 1289 1057 1347; x_wconf 75' lang='lat' dir='ltr'>comparentem.</span> <span class='ocrx_word' id='word_1_138' title='bbox 1090 1283 1143 1332; x_wconf 79' lang='lat' dir='ltr'>cte.</span> <span class='ocrx_word' id='word_1_139' title='bbox 1154 1283 1171 1331; x_wconf 88' lang='lat' dir='ltr'>l.</span> <span class='ocrx_word' id='word_1_140' title='bbox 1183 1286 1209 1332; x_wconf 80' lang='grc'>6.</span> 
     </span>
     <span class='ocr_line' id='line_1_15' title="bbox 112 1347 1209 1413; baseline -0.004 -15"><span class='ocrx_word' id='word_1_141' title='bbox 112 1348 185 1398; x_wconf 79' lang='lat' dir='ltr'>Ferte.</span> <span class='ocrx_word' id='word_1_142' title='bbox 193 1365 230 1412; x_wconf 87' lang='lat' dir='ltr'>ep.</span> <span class='ocrx_word' id='word_1_143' title='bbox 241 1354 283 1399; x_wconf 85' lang='grc'>26.</span> <span class='ocrx_word' id='word_1_144' title='bbox 299 1349 347 1398; x_wconf 84' lang='lat' dir='ltr'>Eee</span> <span class='ocrx_word' id='word_1_145' title='bbox 363 1349 440 1398; x_wconf 83' lang='lat' dir='ltr'>literne</span> <span class='ocrx_word' id='word_1_146' title='bbox 458 1351 503 1399; x_wconf 89' lang='lat' dir='ltr'>dili</span> <span class='ocrx_word' id='word_1_147' title='bbox 518 1350 640 1399; x_wconf 74' lang='lat' dir='ltr'>entissime</span> <span class='ocrx_word' id='word_1_148' title='bbox 652 1349 795 1413; x_wconf 76' lang='lat' dir='ltr'>Philogenes</span> <span class='ocrx_word' id='word_1_149' title='bbox 810 1350 910 1398; x_wconf 78' lang='lat' dir='ltr'>libertus</span> <span class='ocrx_word' id='word_1_150' title='bbox 921 1358 977 1397; x_wconf 78' lang='lat' dir='ltr'>tuus</span> <span class='ocrx_word' id='word_1_151' title='bbox 988 1347 1081 1396; x_wconf 71' lang='lat' dir='ltr'>curarit</span> <span class='ocrx_word' id='word_1_152' title='bbox 1094 1347 1209 1412; x_wconf 69' lang='lat' dir='ltr'>perlongn</span> 
     </span>
     <span class='ocr_line' id='line_1_16' title="bbox 110 1411 1207 1478; baseline -0.001 -18"><span class='ocrx_word' id='word_1_153' title='bbox 110 1419 138 1460; x_wconf 89' lang='lat' dir='ltr'>et</span> <span class='ocrx_word' id='word_1_154' title='bbox 147 1428 198 1463; x_wconf 88' lang='lat' dir='ltr'>non</span> <span class='ocrx_word' id='word_1_155' title='bbox 208 1414 268 1477; x_wconf 73' lang='lat' dir='ltr'>entis</span> <span class='ocrx_word' id='word_1_156' title='bbox 276 1420 330 1462; x_wconf 86' lang='lat' dir='ltr'>tutn</span> <span class='ocrx_word' id='word_1_157' title='bbox 339 1413 379 1463; x_wconf 86' lang='lat' dir='ltr'>vie</span> <span class='ocrx_word' id='word_1_158' title='bbox 388 1413 498 1478; x_wconf 77' lang='lat' dir='ltr'>perferen</span> <span class='ocrx_word' id='word_1_159' title='bbox 545 1445 551 1461; x_wconf 88' lang='lat'>.</span> <span class='ocrx_word' id='word_1_160' title='bbox 577 1414 710 1478; x_wconf 74' lang='lat' dir='ltr'>Numquae</span> <span class='ocrx_word' id='word_1_161' title='bbox 721 1415 806 1464; x_wconf 86' lang='lat' dir='ltr'>Lemni</span> <span class='ocrx_word' id='word_1_162' title='bbox 831 1413 988 1463; x_wconf 81' lang='lat' dir='ltr'>uerireoribie</span> <span class='ocrx_word' id='word_1_163' title='bbox 999 1411 1066 1459; x_wconf 75' lang='lat' dir='ltr'>detes</span> <span class='ocrx_word' id='word_1_164' title='bbox 1078 1426 1127 1458; x_wconf 88' lang='lat' dir='ltr'>nou</span> <span class='ocrx_word' id='word_1_165' title='bbox 1139 1426 1207 1459; x_wconf 85' lang='lat' dir='ltr'>noce·</span> 
     </span>
     <span class='ocr_line' id='line_1_17' title="bbox 111 1475 1210 1540; baseline -0.004 -14"><span class='ocrx_word' id='word_1_166' title='bbox 111 1492 204 1540; x_wconf 75' lang='lat' dir='ltr'>petam.</span> <span class='ocrx_word' id='word_1_167' title='bbox 239 1479 330 1527; x_wconf 82' lang='lat' dir='ltr'>Colum.</span> <span class='ocrx_word' id='word_1_168' title='bbox 340 1478 358 1527; x_wconf 89' lang='lat' dir='ltr'>l.</span> <span class='ocrx_word' id='word_1_169' title='bbox 370 1483 395 1528; x_wconf 85' lang='lat'>8.</span> <span class='ocrx_word' id='word_1_170' title='bbox 407 1493 429 1527; x_wconf 86' lang='lat' dir='ltr'>c.</span> <span class='ocrx_word' id='word_1_171' title='bbox 440 1482 480 1529; x_wconf 92' lang='grc'>14.</span> <span class='ocrx_word' id='word_1_172' title='bbox 499 1479 575 1528; x_wconf 82' lang='lat' dir='ltr'>Pullis</span> <span class='ocrx_word' id='word_1_173' title='bbox 585 1479 717 1527; x_wconf 78' lang='lat' dir='ltr'>formandis</span> <span class='ocrx_word' id='word_1_174' title='bbox 734 1480 804 1527; x_wconf 82' lang='lat' dir='ltr'>exolu</span> <span class='ocrx_word' id='word_1_175' title='bbox 821 1478 936 1540; x_wconf 81' lang='lat' dir='ltr'>endieque</span> <span class='ocrx_word' id='word_1_176' title='bbox 946 1476 1043 1538; x_wconf 73' lang='lat' dir='ltr'>triginta</span> <span class='ocrx_word' id='word_1_177' title='bbox 1052 1475 1137 1524; x_wconf 77' lang='lat' dir='ltr'>diebus</span> <span class='ocrx_word' id='word_1_178' title='bbox 1148 1491 1210 1540; x_wconf 75' lang='lat' dir='ltr'>opu·</span> 
     </span>
     <span class='ocr_line' id='line_1_18' title="bbox 111 1540 1210 1609; baseline -0.001 -18"><span class='ocrx_word' id='word_1_179' title='bbox 111 1548 159 1597; x_wconf 78' lang='lat' dir='ltr'>ert,</span> <span class='ocrx_word' id='word_1_180' title='bbox 174 1557 229 1591; x_wconf 84' lang='lat' dir='ltr'>oum</span> <span class='ocrx_word' id='word_1_181' title='bbox 246 1549 303 1590; x_wconf 87' lang='lat' dir='ltr'>euut</span> <span class='ocrx_word' id='word_1_182' title='bbox 318 1543 422 1606; x_wconf 77' lang='lat' dir='ltr'>frigore:</span> <span class='ocrx_word' id='word_1_183' title='bbox 439 1558 496 1591; x_wconf 81' lang='lat' dir='ltr'>nem</span> <span class='ocrx_word' id='word_1_184' title='bbox 513 1544 602 1609; x_wconf 80' lang='lat' dir='ltr'>tepidis</span> <span class='ocrx_word' id='word_1_185' title='bbox 618 1544 724 1607; x_wconf 91' lang='lat' dir='ltr'>quinque</span> <span class='ocrx_word' id='word_1_186' title='bbox 743 1542 769 1593; x_wconf 71' lang='lat' dir='ltr'>ei</span> <span class='ocrx_word' id='word_1_187' title='bbox 781 1543 866 1608; x_wconf 80' lang='lat' dir='ltr'>viginti</span> <span class='ocrx_word' id='word_1_188' title='bbox 881 1542 940 1590; x_wconf 82' lang='lat' dir='ltr'>eetie</span> <span class='ocrx_word' id='word_1_189' title='bbox 956 1547 1003 1590; x_wconf 83' lang='lat' dir='ltr'>eet.</span> <span class='ocrx_word' id='word_1_190' title='bbox 1034 1540 1101 1606; x_wconf 79' lang='lat' dir='ltr'>(Gir.</span> <span class='ocrx_word' id='word_1_191' title='bbox 1113 1543 1127 1588; x_wconf 94' lang='lat' dir='ltr'>l</span> <span class='ocrx_word' id='word_1_192' title='bbox 1141 1541 1210 1591; x_wconf 74' lang='lat' dir='ltr'>Verr-</span> 
     </span>
     <span class='ocr_line' id='line_1_19' title="bbox 111 1605 1171 1674; baseline 0.002 -20"><span class='ocrx_word' id='word_1_193' title='bbox 111 1608 188 1657; x_wconf 73' lang='grc'><strong>667.</strong></span> <span class='ocrx_word' id='word_1_194' title='bbox 217 1605 281 1656; x_wconf 82' lang='lat' dir='ltr'>Nem</span> <span class='ocrx_word' id='word_1_195' title='bbox 289 1607 348 1672; x_wconf 93' lang='lat' dir='ltr'>quid</span> <span class='ocrx_word' id='word_1_196' title='bbox 358 1609 579 1674; x_wconf 75' lang='lat' dir='ltr'>argumentamini)</span> <span class='ocrx_word' id='word_1_197' title='bbox 1167 1622 1171 1631; x_wconf 93' lang='lat'>·</span> 
     </span>
    </p>
   </div>
   <div class='ocr_carea' id='block_1_7' title="bbox 454 1703 870 1770">
    <p class='ocr_par' dir='ltr' id='par_1_8' title="bbox 454 1703 870 1770">
     <span class='ocr_line' id='line_1_20' title="bbox 454 1703 870 1770; baseline -0.005 -15"><span class='ocrx_word' id='word_1_198' title='bbox 454 1703 470 1734; x_wconf 68' lang='lat'><em>⁶</em></span> <span class='ocrx_word' id='word_1_199' title='bbox 476 1708 501 1755; x_wconf 89' lang='grc'>4.</span> <span class='ocrx_word' id='word_1_200' title='bbox 519 1705 585 1755; x_wconf 89' lang='lat' dir='ltr'>Nom</span> <span class='ocrx_word' id='word_1_201' title='bbox 594 1706 620 1753; x_wconf 91' lang='lat' dir='ltr'>in</span> <span class='ocrx_word' id='word_1_202' title='bbox 630 1705 736 1770; x_wconf 78' lang='lat' dir='ltr'>ingressu</span> <span class='ocrx_word' id='word_1_203' title='bbox 746 1705 870 1753; x_wconf 73' lang='lat' dir='ltr'>sermonis.</span> 
     </span>
    </p>
   </div>
   <div class='ocr_carea' id='block_1_8' title="bbox 111 1783 1210 1915">
    <p class='ocr_par' dir='ltr' id='par_1_9' title="bbox 111 1783 1210 1915">
     <span class='ocr_line' id='line_1_21' title="bbox 145 1783 1208 1850; baseline -0.001 -17"><span class='ocrx_word' id='word_1_204' title='bbox 145 1783 179 1816; x_wconf 73' lang='lat'>¹*</span> <span class='ocrx_word' id='word_1_205' title='bbox 188 1783 324 1850; x_wconf 71' lang='lat' dir='ltr'>Aliquando</span> <span class='ocrx_word' id='word_1_206' title='bbox 333 1784 464 1849; x_wconf 77' lang='lat' dir='ltr'>ingressum</span> <span class='ocrx_word' id='word_1_207' title='bbox 472 1786 508 1835; x_wconf 90' lang='lat' dir='ltr'>rei</span> <span class='ocrx_word' id='word_1_208' title='bbox 517 1786 604 1850; x_wconf 74' lang='lat' dir='ltr'>signet.</span> <span class='ocrx_word' id='word_1_209' title='bbox 638 1788 733 1837; x_wconf 80' lang='lat' dir='ltr'>Terent.</span> <span class='ocrx_word' id='word_1_210' title='bbox 741 1786 819 1836; x_wconf 77' lang='lat' dir='ltr'>Andr.</span> <span class='ocrx_word' id='word_1_211' title='bbox 832 1792 856 1836; x_wconf 93' lang='lat'>1.</span> <span class='ocrx_word' id='word_1_212' title='bbox 866 1790 890 1835; x_wconf 90' lang='lat' dir='ltr'>l.</span> <span class='ocrx_word' id='word_1_213' title='bbox 907 1785 943 1835; x_wconf 75' lang='lat' dir='ltr'>n&gt;</span> <span class='ocrx_word' id='word_1_214' title='bbox 952 1784 1127 1849; x_wconf 80' lang='lat' dir='ltr'>peotoetgneti</span> <span class='ocrx_word' id='word_1_215' title='bbox 1133 1784 1208 1833; x_wconf 72' lang='lat' dir='ltr'>vitam</span> 
     </span>
     <span class='ocr_line' id='line_1_22' title="bbox 111 1849 1210 1915; baseline 0 -17"><span class='ocrx_word' id='word_1_216' title='bbox 111 1851 277 1907; x_wconf 68' lang='lat' dir='ltr'>etconeilium</span> <span class='ocrx_word' id='word_1_217' title='bbox 287 1865 368 1898; x_wconf 87' lang='lat' dir='ltr'>meum</span> <span class='ocrx_word' id='word_1_218' title='bbox 378 1866 516 1915; x_wconf 72' lang='lat' dir='ltr'>cognosces.</span> <span class='ocrx_word' id='word_1_219' title='bbox 547 1851 1098 1914; x_wconf 67' lang='lat' dir='ltr'>Namiepoetqunmerceeeiterephebinoet.</span> <span class='ocrx_word' id='word_1_220' title='bbox 1131 1849 1210 1898; x_wconf 68' lang='lat' dir='ltr'>*Cio-</span> 
     </span>
    </p>
   </div>
   <div class='ocr_carea' id='block_1_9' title="bbox 110 1914 1226 2044">
    <p class='ocr_par' dir='ltr' id='par_1_10' title="bbox 110 1914 1226 2044">
     <span class='ocr_line' id='line_1_23' title="bbox 110 1914 1206 1980; baseline 0.001 -19"><span class='ocrx_word' id='word_1_221' title='bbox 110 1914 130 1961; x_wconf 91' lang='lat' dir='ltr'>l.</span> <span class='ocrx_word' id='word_1_222' title='bbox 141 1919 166 1964; x_wconf 92' lang='grc'>1.</span> <span class='ocrx_word' id='word_1_223' title='bbox 177 1914 233 1966; x_wconf 80' lang='lat' dir='ltr'>Aet.</span> <span class='ocrx_word' id='word_1_224' title='bbox 243 1931 280 1978; x_wconf 85' lang='lat' dir='ltr'>ep.</span> <span class='ocrx_word' id='word_1_225' title='bbox 293 1919 344 1964; x_wconf 81' lang='lat' dir='ltr'>lo..</span> <span class='ocrx_word' id='word_1_226' title='bbox 356 1915 420 1964; x_wconf 84' lang='lat' dir='ltr'>Nem</span> <span class='ocrx_word' id='word_1_227' title='bbox 434 1923 462 1964; x_wconf 86' lang='lat' dir='ltr'>ut</span> <span class='ocrx_word' id='word_1_228' title='bbox 475 1915 555 1964; x_wconf 80' lang='lat' dir='ltr'>idibus</span> <span class='ocrx_word' id='word_1_229' title='bbox 566 1916 641 1964; x_wconf 77' lang='lat' dir='ltr'>Maiis</span> <span class='ocrx_word' id='word_1_230' title='bbox 650 1916 676 1964; x_wconf 92' lang='lat' dir='ltr'>iu</span> <span class='ocrx_word' id='word_1_231' title='bbox 687 1923 795 1966; x_wconf 77' lang='lat' dir='ltr'>senatum</span> <span class='ocrx_word' id='word_1_232' title='bbox 807 1916 971 1973; x_wconf 78' lang='lat' dir='ltr'>convenimur,</span> <span class='ocrx_word' id='word_1_233' title='bbox 985 1923 1081 1978; x_wconf 79' lang='lat' dir='ltr'>rogetur</span> <span class='ocrx_word' id='word_1_234' title='bbox 1095 1929 1142 1980; x_wconf 86' lang='lat' dir='ltr'>ego</span> <span class='ocrx_word' id='word_1_235' title='bbox 1152 1929 1206 1973; x_wconf 76' lang='lat' dir='ltr'>eerr-</span> 
     </span>
     <span class='ocr_line' id='line_1_24' title="bbox 110 1979 1226 2044; baseline 0.002 -15"><span class='ocrx_word' id='word_1_236' title='bbox 110 1979 358 2038; x_wconf 25' lang='lat' dir='ltr'>tondmmultufldiri</span> <span class='ocrx_word' id='word_1_237' title='bbox 369 1981 400 2029; x_wconf 88' lang='lat' dir='ltr'>de</span> <span class='ocrx_word' id='word_1_238' title='bbox 411 1995 502 2030; x_wconf 71' lang='lat' dir='ltr'>summe</span> <span class='ocrx_word' id='word_1_239' title='bbox 510 1980 657 2044; x_wconf 77' lang='lat' dir='ltr'>reipublice.</span> <span class='ocrx_word' id='word_1_240' title='bbox 1225 1990 1226 1994; x_wconf 76' lang='grc'>’</span> 
     </span>
    </p>
   </div>
   <div class='ocr_carea' id='block_1_10' title="bbox 412 2076 908 2142">
    <p class='ocr_par' dir='ltr' id='par_1_11' title="bbox 412 2076 908 2142">
     <span class='ocr_line' id='line_1_25' title="bbox 412 2076 908 2142; baseline 0.006 -15"><span class='ocrx_word' id='word_1_241' title='bbox 412 2083 437 2127; x_wconf 79' lang='grc'>6.</span> <span class='ocrx_word' id='word_1_242' title='bbox 455 2078 521 2126; x_wconf 85' lang='lat' dir='ltr'>Nom</span> <span class='ocrx_word' id='word_1_243' title='bbox 536 2076 668 2142; x_wconf 83' lang='lat' dir='ltr'>subjectum</span> <span class='ocrx_word' id='word_1_244' title='bbox 677 2077 703 2126; x_wconf 93' lang='lat' dir='ltr'>iu</span> <span class='ocrx_word' id='word_1_245' title='bbox 713 2077 908 2142; x_wconf 77' lang='lat' dir='ltr'>interrogatione.</span> 
     </span>
    </p>
   </div>
   <div class='ocr_carea' id='block_1_11' title="bbox 109 2154 1208 2741">
    <p class='ocr_par' dir='ltr' id='par_1_12' title="bbox 109 2154 1208 2353">
     <span class='ocr_line' id='line_1_26' title="bbox 145 2154 1208 2224; baseline 0 -20"><span class='ocrx_word' id='word_1_246' title='bbox 145 2154 270 2205; x_wconf 80' lang='lat' dir='ltr'>Interdum</span> <span class='ocrx_word' id='word_1_247' title='bbox 286 2156 410 2220; x_wconf 77' lang='lat' dir='ltr'>subjicitur</span> <span class='ocrx_word' id='word_1_248' title='bbox 426 2157 453 2205; x_wconf 94' lang='lat' dir='ltr'>iu</span> <span class='ocrx_word' id='word_1_249' title='bbox 468 2158 663 2222; x_wconf 77' lang='lat' dir='ltr'>interrogatione.</span> <span class='ocrx_word' id='word_1_250' title='bbox 698 2162 748 2210; x_wconf 78' lang='lat' dir='ltr'>Cic.</span> <span class='ocrx_word' id='word_1_251' title='bbox 760 2162 834 2211; x_wconf 83' lang='lat' dir='ltr'>Brnt.</span> <span class='ocrx_word' id='word_1_252' title='bbox 845 2175 881 2224; x_wconf 80' lang='lat' dir='ltr'>ep.</span> <span class='ocrx_word' id='word_1_253' title='bbox 896 2165 921 2210; x_wconf 96' lang='grc'>2.</span> <span class='ocrx_word' id='word_1_254' title='bbox 943 2159 1055 2224; x_wconf 86' lang='lat' dir='ltr'>Quinque</span> <span class='ocrx_word' id='word_1_255' title='bbox 1073 2156 1208 2206; x_wconf 78' lang='lat' dir='ltr'>cohortibus</span> 
     </span>
     <span class='ocr_line' id='line_1_27' title="bbox 109 2221 1206 2290; baseline 0.001 -21"><span class='ocrx_word' id='word_1_256' title='bbox 109 2221 228 2284; x_wconf 84' lang='lat' dir='ltr'>quidnnm</span> <span class='ocrx_word' id='word_1_257' title='bbox 240 2236 266 2270; x_wconf 81' lang='lat' dir='ltr'>ee</span> <span class='ocrx_word' id='word_1_258' title='bbox 275 2222 391 2271; x_wconf 79' lang='lat' dir='ltr'>feoturum</span> <span class='ocrx_word' id='word_1_259' title='bbox 402 2223 545 2272; x_wconf 76' lang='lat' dir='ltr'>arbitraturi</span> <span class='ocrx_word' id='word_1_260' title='bbox 566 2225 631 2274; x_wconf 80' lang='lat' dir='ltr'>witot</span> <span class='ocrx_word' id='word_1_261' title='bbox 641 2227 697 2274; x_wconf 82' lang='lat' dir='ltr'>doen</span> <span class='ocrx_word' id='word_1_262' title='bbox 707 2227 737 2276; x_wconf 81' lang='lat' dir='ltr'>lte</span> <span class='ocrx_word' id='word_1_263' title='bbox 747 2227 817 2276; x_wconf 75' lang='lat' dir='ltr'>titinio</span> <span class='ocrx_word' id='word_1_264' title='bbox 827 2230 852 2275; x_wconf 84' lang='lat' dir='ltr'>io</span> <span class='ocrx_word' id='word_1_265' title='bbox 862 2228 892 2275; x_wconf 83' lang='lat' dir='ltr'>do</span> <span class='ocrx_word' id='word_1_266' title='bbox 902 2222 1043 2290; x_wconf 52' lang='lat' dir='ltr'>wiltsire?</span> <span class='ocrx_word' id='word_1_267' title='bbox 1059 2225 1099 2275; x_wconf 86' lang='lat' dir='ltr'>Id.</span> <span class='ocrx_word' id='word_1_268' title='bbox 1110 2224 1206 2274; x_wconf 73' lang='lat' dir='ltr'>Portu.</span> 
     </span>
     <span class='ocr_line' id='line_1_28' title="bbox 113 2281 792 2353; baseline 0.004 -19"><span class='ocrx_word' id='word_1_269' title='bbox 113 2301 139 2334; x_wconf 86' lang='lat' dir='ltr'>c.</span> <span class='ocrx_word' id='word_1_270' title='bbox 149 2289 177 2334; x_wconf 90' lang='grc'>7.</span> <span class='ocrx_word' id='word_1_271' title='bbox 187 2284 310 2350; x_wconf 83' lang='lat' dir='ltr'>Numquid</span> <span class='ocrx_word' id='word_1_272' title='bbox 319 2303 376 2335; x_wconf 80' lang='lat' dir='ltr'>uum</span> <span class='ocrx_word' id='word_1_273' title='bbox 384 2288 415 2334; x_wconf 88' lang='lat' dir='ltr'>de</span> <span class='ocrx_word' id='word_1_274' title='bbox 423 2281 516 2336; x_wconf 72' lang='lat' dir='ltr'>oredure</span> <span class='ocrx_word' id='word_1_275' title='bbox 528 2289 580 2353; x_wconf 78' lang='lat' dir='ltr'>ipso</span> <span class='ocrx_word' id='word_1_276' title='bbox 590 2290 682 2338; x_wconf 75' lang='lat' dir='ltr'>restat?</span> <span class='ocrx_word' id='word_1_277' title='bbox 789 2300 792 2307; x_wconf 85' lang='lat'>&#39;</span> 
     </span>
    </p>

    <p class='ocr_par' dir='ltr' id='par_1_13' title="bbox 109 2349 1207 2741">
     <span class='ocr_line' id='line_1_29' title="bbox 147 2349 1206 2419; baseline 0.002 -21"><span class='ocrx_word' id='word_1_278' title='bbox 147 2349 180 2380; x_wconf 70' lang='lat'>¹⁶</span> <span class='ocrx_word' id='word_1_279' title='bbox 190 2354 215 2399; x_wconf 86' lang='lat' dir='ltr'>o.</span> <span class='ocrx_word' id='word_1_280' title='bbox 226 2349 260 2398; x_wconf 91' lang='lat' dir='ltr'>D.</span> <span class='ocrx_word' id='word_1_281' title='bbox 272 2351 375 2400; x_wconf 80' lang='lat' dir='ltr'>Veteres</span> <span class='ocrx_word' id='word_1_282' title='bbox 399 2353 473 2400; x_wconf 81' lang='lat' dir='ltr'>etiem</span> <span class='ocrx_word' id='word_1_283' title='bbox 494 2355 681 2418; x_wconf 73' lang='lat' dir='ltr'>preponebant:</span> <span class='ocrx_word' id='word_1_284' title='bbox 723 2353 771 2402; x_wconf 92' lang='lat' dir='ltr'>uod</span> <span class='ocrx_word' id='word_1_285' title='bbox 792 2361 877 2419; x_wconf 80' lang='lat' dir='ltr'>postea</span> <span class='ocrx_word' id='word_1_286' title='bbox 895 2354 1008 2404; x_wconf 73' lang='lat' dir='ltr'>remonuit</span> <span class='ocrx_word' id='word_1_287' title='bbox 1027 2352 1093 2417; x_wconf 88' lang='lat' dir='ltr'>epud</span> <span class='ocrx_word' id='word_1_288' title='bbox 1113 2358 1206 2414; x_wconf 76' lang='lat' dir='ltr'>postne.</span> 
     </span>
     <span class='ocr_line' id='line_1_30' title="bbox 117 2368 1206 2481; baseline -0.002 -17"><span class='ocrx_word' id='word_1_289' title='bbox 117 2414 217 2477; x_wconf 56' lang='lat' dir='ltr'>Virmn</span> <span class='ocrx_word' id='word_1_290' title='bbox 234 2417 324 2478; x_wconf 76' lang='lat' dir='ltr'>Georg.</span> <span class='ocrx_word' id='word_1_291' title='bbox 341 2417 405 2464; x_wconf 83' lang='lat' dir='ltr'>Nem</span> <span class='ocrx_word' id='word_1_292' title='bbox 422 2417 476 2481; x_wconf 82' lang='lat' dir='ltr'>quie</span> <span class='ocrx_word' id='word_1_293' title='bbox 486 2425 520 2473; x_wconf 87' lang='lat' dir='ltr'>te,</span> <span class='ocrx_word' id='word_1_294' title='bbox 532 2418 644 2467; x_wconf 85' lang='lat' dir='ltr'>&#39;uvenum</span> <span class='ocrx_word' id='word_1_295' title='bbox 661 2368 871 2479; x_wconf 68' lang='lat' dir='ltr'>oonddentissime,</span> <span class='ocrx_word' id='word_1_296' title='bbox 883 2427 976 2469; x_wconf 78' lang='lat' dir='ltr'>noetrne</span> <span class='ocrx_word' id='word_1_297' title='bbox 994 2418 1068 2467; x_wconf 81' lang='lat' dir='ltr'>Jueeit</span> <span class='ocrx_word' id='word_1_298' title='bbox 1085 2416 1151 2464; x_wconf 82' lang='lat' dir='ltr'>edire</span> <span class='ocrx_word' id='word_1_299' title='bbox 1162 2415 1206 2462; x_wconf 92' lang='lat' dir='ltr'>do-</span> 
     </span>
     <span class='ocr_line' id='line_1_31' title="bbox 111 2435 1207 2548; baseline 0.007 -22"><span class='ocrx_word' id='word_1_300' title='bbox 111 2479 182 2526; x_wconf 78' lang='lat' dir='ltr'>moe?</span> <span class='ocrx_word' id='word_1_301' title='bbox 193 2494 235 2542; x_wconf 91' lang='lat' dir='ltr'>pro</span> <span class='ocrx_word' id='word_1_302' title='bbox 245 2481 361 2542; x_wconf 60' lang='lat' dir='ltr'>mnrium.</span> <span class='ocrx_word' id='word_1_303' title='bbox 395 2482 489 2531; x_wconf 79' lang='lat' dir='ltr'>Terent.</span> <span class='ocrx_word' id='word_1_304' title='bbox 506 2435 571 2530; x_wconf 75' lang='lat' dir='ltr'>Nem</span> <span class='ocrx_word' id='word_1_305' title='bbox 587 2498 642 2546; x_wconf 83' lang='lat' dir='ltr'>quae</span> <span class='ocrx_word' id='word_1_306' title='bbox 658 2485 761 2532; x_wconf 73' lang='lat' dir='ltr'>estnec</span> <span class='ocrx_word' id='word_1_307' title='bbox 779 2485 855 2532; x_wconf 78' lang='lat' dir='ltr'>auur?</span> <span class='ocrx_word' id='word_1_308' title='bbox 878 2499 922 2548; x_wconf 90' lang='lat' dir='ltr'>pro</span> <span class='ocrx_word' id='word_1_309' title='bbox 937 2497 1054 2548; x_wconf 75' lang='lat' dir='ltr'>quonum.</span> <span class='ocrx_word' id='word_1_310' title='bbox 1085 2482 1124 2529; x_wconf 75' lang='lat' dir='ltr'>Ito</span> <span class='ocrx_word' id='word_1_311' title='bbox 1141 2481 1207 2533; x_wconf 67' lang='lat' dir='ltr'>eim</span> 
     </span>
     <span class='ocr_line' id='line_1_32' title="bbox 109 2543 1207 2612; baseline -0.001 -20"><span class='ocrx_word' id='word_1_312' title='bbox 109 2543 202 2593; x_wconf 84' lang='lat' dir='ltr'>reetiue</span> <span class='ocrx_word' id='word_1_313' title='bbox 216 2559 369 2607; x_wconf 72' lang='lat' dir='ltr'>exponemus,</span> <span class='ocrx_word' id='word_1_314' title='bbox 381 2546 461 2596; x_wconf 77' lang='lat' dir='ltr'>Servii</span> <span class='ocrx_word' id='word_1_315' title='bbox 477 2548 507 2595; x_wconf 80' lang='lat' dir='ltr'>ud</span> <span class='ocrx_word' id='word_1_316' title='bbox 530 2548 600 2609; x_wconf 82' lang='lat' dir='ltr'>Virg.</span> <span class='ocrx_word' id='word_1_317' title='bbox 613 2548 753 2596; x_wconf 75' lang='lat' dir='ltr'>anctoritate</span> <span class='ocrx_word' id='word_1_318' title='bbox 768 2549 829 2604; x_wconf 87' lang='lat' dir='ltr'>uixi,</span> <span class='ocrx_word' id='word_1_319' title='bbox 841 2563 912 2611; x_wconf 81' lang='lat' dir='ltr'>quem</span> <span class='ocrx_word' id='word_1_320' title='bbox 925 2553 1062 2612; x_wconf 75' lang='lat' dir='ltr'>pereutere,</span> <span class='ocrx_word' id='word_1_321' title='bbox 1078 2545 1143 2609; x_wconf 90' lang='lat' dir='ltr'>quod</span> <span class='ocrx_word' id='word_1_322' title='bbox 1155 2545 1207 2592; x_wconf 86' lang='lat' dir='ltr'>Gu-</span> 
     </span>
     <span class='ocr_line' id='line_1_33' title="bbox 109 2608 1207 2676; baseline 0.001 -20"><span class='ocrx_word' id='word_1_323' title='bbox 109 2609 202 2658; x_wconf 74' lang='lat' dir='ltr'>elm&#39;ne</span> <span class='ocrx_word' id='word_1_324' title='bbox 214 2608 273 2657; x_wconf 77' lang='lat' dir='ltr'>feeit</span> <span class='ocrx_word' id='word_1_325' title='bbox 282 2624 309 2672; x_wconf 85' lang='lat' dir='ltr'>p.</span> <span class='ocrx_word' id='word_1_326' title='bbox 321 2615 378 2660; x_wconf 89' lang='grc'><strong>161.</strong></span> <span class='ocrx_word' id='word_1_327' title='bbox 396 2611 496 2661; x_wconf 78' lang='lat' dir='ltr'>Odeero.</span> <span class='ocrx_word' id='word_1_328' title='bbox 527 2611 605 2660; x_wconf 87' lang='lat' dir='ltr'>Simili</span> <span class='ocrx_word' id='word_1_329' title='bbox 620 2613 762 2675; x_wconf 72' lang='lat' dir='ltr'>eumoophe</span> <span class='ocrx_word' id='word_1_330' title='bbox 779 2613 914 2662; x_wconf 76' lang='lat' dir='ltr'>enclitioetu</span> <span class='ocrx_word' id='word_1_331' title='bbox 924 2628 954 2662; x_wconf 84' lang='lat' dir='ltr'>rte</span> <span class='ocrx_word' id='word_1_332' title='bbox 962 2611 1093 2676; x_wconf 69' lang='lat' dir='ltr'>preposuit</span> <span class='ocrx_word' id='word_1_333' title='bbox 1103 2611 1207 2659; x_wconf 79' lang='lat' dir='ltr'>Pluuirte</span> 
     </span>
     <span class='ocr_line' id='line_1_34' title="bbox 113 2672 1176 2741; baseline -0.001 -17"><span class='ocrx_word' id='word_1_334' title='bbox 113 2673 206 2724; x_wconf 61' lang='grc' dir='ltr'><strong>ΡΜ.</strong></span> <span class='ocrx_word' id='word_1_335' title='bbox 223 2672 264 2722; x_wconf 91' lang='lat' dir='ltr'>Ne</span> <span class='ocrx_word' id='word_1_336' title='bbox 273 2672 310 2723; x_wconf 88' lang='lat' dir='ltr'>illi</span> <span class='ocrx_word' id='word_1_337' title='bbox 319 2675 424 2724; x_wconf 83' lang='lat' dir='ltr'>nudeent</span> <span class='ocrx_word' id='word_1_338' title='bbox 435 2676 481 2725; x_wconf 90' lang='lat' dir='ltr'>hoo</span> <span class='ocrx_word' id='word_1_339' title='bbox 489 2675 595 2741; x_wconf 65' lang='lat' dir='ltr'>fecerei</span> <span class='ocrx_word' id='word_1_340' title='bbox 604 2692 649 2739; x_wconf 87' lang='lat' dir='ltr'>pro</span> <span class='ocrx_word' id='word_1_341' title='bbox 659 2677 734 2726; x_wconf 72' lang='lat' dir='ltr'>illine.</span> <span class='ocrx_word' id='word_1_342' title='bbox 760 2677 845 2727; x_wconf 81' lang='lat' dir='ltr'>Weiiz.</span> <span class='ocrx_word' id='word_1_343' title='bbox 856 2693 882 2741; x_wconf 87' lang='lat' dir='ltr'>p.</span> <span class='ocrx_word' id='word_1_344' title='bbox 897 2681 953 2727; x_wconf 86' lang='grc'><strong>167.</strong></span> <span class='ocrx_word' id='word_1_345' title='bbox 963 2677 993 2725; x_wconf 82' lang='lat' dir='ltr'>ed</span> <span class='ocrx_word' id='word_1_346' title='bbox 1003 2676 1097 2726; x_wconf 77' lang='lat' dir='ltr'>Terent.</span> <span class='ocrx_word' id='word_1_347' title='bbox 1168 2710 1176 2723; x_wconf 85' lang='lat'>.</span> 
     </span>
    </p>
   </div>
   <div class='ocr_carea' id='block_1_12' title="bbox 383 2770 934 2838">
    <p class='ocr_par' dir='ltr' id='par_1_14' title="bbox 383 2770 934 2838">
     <span class='ocr_line' id='line_1_35' title="bbox 383 2770 934 2838; baseline 0.002 -17"><span class='ocrx_word' id='word_1_348' title='bbox 383 2770 421 2834; x_wconf 87' lang='grc'>(7.</span> <span class='ocrx_word' id='word_1_349' title='bbox 438 2771 504 2820; x_wconf 86' lang='lat' dir='ltr'>Nom</span> <span class='ocrx_word' id='word_1_350' title='bbox 514 2779 540 2820; x_wconf 90' lang='lat' dir='ltr'>et</span> <span class='ocrx_word' id='word_1_351' title='bbox 547 2787 646 2836; x_wconf 77' lang='lat' dir='ltr'>nomque</span> <span class='ocrx_word' id='word_1_352' title='bbox 657 2787 700 2837; x_wconf 90' lang='lat' dir='ltr'>pro</span> <span class='ocrx_word' id='word_1_353' title='bbox 708 2772 834 2828; x_wconf 76' lang='lat' dir='ltr'>enimvero,</span> <span class='ocrx_word' id='word_1_354' title='bbox 843 2771 934 2838; x_wconf 69' lang='lat' dir='ltr'>utqui.)</span> 
     </span>
    </p>
   </div>
   <div class='ocr_carea' id='block_1_13' title="bbox 111 2850 1208 3097">
    <p class='ocr_par' dir='ltr' id='par_1_15' title="bbox 111 2850 1208 3097">
     <span class='ocr_line' id='line_1_36' title="bbox 148 2850 1208 2916; baseline -0.001 -17"><span class='ocrx_word' id='word_1_355' title='bbox 148 2850 201 2900; x_wconf 74' lang='lat' dir='ltr'>cte.</span> <span class='ocrx_word' id='word_1_356' title='bbox 215 2853 231 2899; x_wconf 75' lang='lat'><em>8</em></span> <span class='ocrx_word' id='word_1_357' title='bbox 245 2850 315 2901; x_wconf 73' lang='lat' dir='ltr'>Verr-</span> <span class='ocrx_word' id='word_1_358' title='bbox 332 2867 353 2900; x_wconf 88' lang='lat' dir='ltr'>c.</span> <span class='ocrx_word' id='word_1_359' title='bbox 369 2851 411 2900; x_wconf 78' lang='lat' dir='ltr'>eo:</span> <span class='ocrx_word' id='word_1_360' title='bbox 425 2851 492 2900; x_wconf 83' lang='lat' dir='ltr'>Nem</span> <span class='ocrx_word' id='word_1_361' title='bbox 507 2867 666 2915; x_wconf 76' lang='lat' dir='ltr'>speraveram,</span> <span class='ocrx_word' id='word_1_362' title='bbox 684 2852 763 2916; x_wconf 85' lang='lat' dir='ltr'>inquit</span> <span class='ocrx_word' id='word_1_363' title='bbox 779 2860 863 2908; x_wconf 81' lang='lat' dir='ltr'>uretur,</span> <span class='ocrx_word' id='word_1_364' title='bbox 872 2869 913 2901; x_wconf 89' lang='lat' dir='ltr'>me</span> <span class='ocrx_word' id='word_1_365' title='bbox 931 2853 962 2900; x_wconf 85' lang='lat' dir='ltr'>ed</span> <span class='ocrx_word' id='word_1_366' title='bbox 978 2851 1087 2899; x_wconf 75' lang='lat' dir='ltr'>denarios</span> <span class='ocrx_word' id='word_1_367' title='bbox 1106 2863 1208 2914; x_wconf 82' lang='lat' dir='ltr'>perren-</span> 
     </span>
     <span class='ocr_line' id='line_1_37' title="bbox 111 2915 1207 2980; baseline -0.002 -18"><span class='ocrx_word' id='word_1_368' title='bbox 111 2921 209 2963; x_wconf 83' lang='lat' dir='ltr'>turum:</span> <span class='ocrx_word' id='word_1_369' title='bbox 233 2915 307 2963; x_wconf 83' lang='lat' dir='ltr'>eedei</span> <span class='ocrx_word' id='word_1_370' title='bbox 321 2916 356 2964; x_wconf 84' lang='lat' dir='ltr'>itu</span> <span class='ocrx_word' id='word_1_371' title='bbox 374 2932 472 2964; x_wconf 86' lang='lat' dir='ltr'>necesse</span> <span class='ocrx_word' id='word_1_372' title='bbox 492 2925 536 2972; x_wconf 81' lang='lat' dir='ltr'>eet,</span> <span class='ocrx_word' id='word_1_373' title='bbox 548 2916 630 2980; x_wconf 85' lang='lat' dir='ltr'>quenti</span> <span class='ocrx_word' id='word_1_374' title='bbox 641 2917 784 2965; x_wconf 74' lang='lat' dir='ltr'>frumentum</span> <span class='ocrx_word' id='word_1_375' title='bbox 796 2916 828 2965; x_wconf 86' lang='lat' dir='ltr'>rit</span> <span class='ocrx_word' id='word_1_376' title='bbox 842 2916 973 2966; x_wconf 78' lang='lat' dir='ltr'>considere.</span> <span class='ocrx_word' id='word_1_377' title='bbox 1040 2918 1085 2964; x_wconf 85' lang='lat' dir='ltr'>.de</span> <span class='ocrx_word' id='word_1_378' title='bbox 1098 2917 1142 2964; x_wconf 85' lang='lat' dir='ltr'>Or.</span> <span class='ocrx_word' id='word_1_379' title='bbox 1152 2915 1170 2961; x_wconf 89' lang='lat' dir='ltr'>l.</span> <span class='ocrx_word' id='word_1_380' title='bbox 1183 2919 1207 2963; x_wconf 89' lang='lat'>1.</span> 
     </span>
     <span class='ocr_line' id='line_1_38' title="bbox 111 2979 1206 3097; baseline -0.002 -68"><span class='ocrx_word' id='word_1_381' title='bbox 111 2979 334 3097; x_wconf 40' lang='grc' dir='ltr'>ἓὲὲιῖιιιιῖιξῑᾳ.</span> <span class='ocrx_word' id='word_1_382' title='bbox 353 2996 454 3072; x_wconf 84' lang='lat' dir='ltr'>numque</span> <span class='ocrx_word' id='word_1_383' title='bbox 471 2982 535 3045; x_wconf 91' lang='lat' dir='ltr'>quod</span> <span class='ocrx_word' id='word_1_384' title='bbox 550 2988 578 3030; x_wconf 85' lang='lat' dir='ltr'>tu</span> <span class='ocrx_word' id='word_1_385' title='bbox 598 2996 647 3030; x_wconf 92' lang='lat' dir='ltr'>uon</span> <span class='ocrx_word' id='word_1_386' title='bbox 662 2983 760 3046; x_wconf 81' lang='lat' dir='ltr'>potorio,</span> <span class='ocrx_word' id='word_1_387' title='bbox 777 2996 849 3032; x_wconf 88' lang='lat' dir='ltr'>nemo</span> <span class='ocrx_word' id='word_1_388' title='bbox 862 2983 958 3046; x_wconf 86' lang='lat' dir='ltr'>poterit.</span> <span class='ocrx_word' id='word_1_389' title='bbox 974 2999 999 3033; x_wconf 84' lang='lat' dir='ltr'>v.</span> <span class='ocrx_word' id='word_1_390' title='bbox 1039 2981 1116 3031; x_wconf 72' lang='lat' dir='ltr'>meet</span> <span class='ocrx_word' id='word_1_391' title='bbox 1137 2980 1206 3029; x_wconf 77' lang='lat' dir='ltr'>cluo.</span> 
     </span>
    </p>
   </div>
   <div class='ocr_carea' id='block_1_14' title="bbox 531 3210 792 3263">
    <p class='ocr_par' dir='ltr' id='par_1_16' title="bbox 531 3210 792 3263">
     <span class='ocr_line' id='line_1_39' title="bbox 531 3210 792 3263; baseline 0 -3"><span class='ocrx_word' id='word_1_392' title='bbox 531 3210 644 3261; x_wconf 82' lang='lat' dir='ltr'><strong>CAPUT</strong></span> <span class='ocrx_word' id='word_1_393' title='bbox 676 3211 792 3263; x_wconf 86' lang='lat' dir='ltr'>CXLIII.</span> 
     </span>
    </p>
   </div>
   <div class='ocr_carea' id='block_1_15' title="bbox 520 3309 807 3372">
    <p class='ocr_par' dir='ltr' id='par_1_17' title="bbox 520 3309 807 3372">
     <span class='ocr_line' id='line_1_40' title="bbox 520 3309 807 3372; baseline 0.007 -2"><span class='ocrx_word' id='word_1_394' title='bbox 520 3310 569 3370; x_wconf 84' lang='lat' dir='ltr'>De</span> <span class='ocrx_word' id='word_1_395' title='bbox 583 3309 731 3372; x_wconf 77' lang='lat' dir='ltr'>Aduerbio</span> <span class='ocrx_word' id='word_1_396' title='bbox 746 3311 807 3372; x_wconf 81' lang='lat' dir='ltr'>Nn.</span> 
     </span>
    </p>
   </div>
   <div class='ocr_carea' id='block_1_16' title="bbox 532 3421 824 3488">
    <p class='ocr_par' dir='ltr' id='par_1_18' title="bbox 532 3421 824 3488">
     <span class='ocr_line' id='line_1_41' title="bbox 532 3421 824 3488; baseline 0 -17"><span class='ocrx_word' id='word_1_397' title='bbox 532 3421 581 3471; x_wconf 69' lang='grc'><strong>*1.</strong></span> <span class='ocrx_word' id='word_1_398' title='bbox 599 3424 639 3472; x_wconf 85' lang='lat' dir='ltr'>Ne</span> <span class='ocrx_word' id='word_1_399' title='bbox 646 3440 688 3488; x_wconf 88' lang='lat' dir='ltr'>pro</span> <span class='ocrx_word' id='word_1_400' title='bbox 698 3429 792 3476; x_wconf 70' lang='lat' dir='ltr'>mum.</span> <span class='ocrx_word' id='word_1_401' title='bbox 822 3466 824 3471; x_wconf 80' lang='grc'>,</span> 
     </span>
    </p>
   </div>
   <div class='ocr_carea' id='block_1_17' title="bbox 110 3492 1209 3774">
    <p class='ocr_par' dir='ltr' id='par_1_19' title="bbox 110 3492 1209 3774">
     <span class='ocr_line' id='line_1_42' title="bbox 137 3492 1209 3586; baseline 0.001 -22"><span class='ocrx_word' id='word_1_402' title='bbox 137 3514 203 3565; x_wconf 72' lang='lat' dir='ltr'>‘Lien</span> <span class='ocrx_word' id='word_1_403' title='bbox 215 3513 232 3562; x_wconf 91' lang='lat' dir='ltr'>l.</span> <span class='ocrx_word' id='word_1_404' title='bbox 241 3519 265 3564; x_wconf 72' lang='grc' dir='ltr'>Β.</span> <span class='ocrx_word' id='word_1_405' title='bbox 273 3520 343 3567; x_wconf 71' lang='grc'><strong>652.</strong></span> <span class='ocrx_word' id='word_1_406' title='bbox 358 3516 453 3565; x_wconf 85' lang='lat' dir='ltr'>Novem</span> <span class='ocrx_word' id='word_1_407' title='bbox 462 3524 654 3583; x_wconf 81' lang='lat' dir='ltr'>compertumque</span> <span class='ocrx_word' id='word_1_408' title='bbox 665 3535 717 3570; x_wconf 83' lang='lat' dir='ltr'>enm</span> <span class='ocrx_word' id='word_1_409' title='bbox 729 3529 871 3586; x_wconf 80' lang='lat' dir='ltr'>potestetem</span> <span class='ocrx_word' id='word_1_410' title='bbox 879 3522 984 3585; x_wconf 87' lang='lat' dir='ltr'>eripuere</span> <span class='ocrx_word' id='word_1_411' title='bbox 993 3519 1099 3582; x_wconf 77' lang='lat' dir='ltr'>putribus</span> <span class='ocrx_word' id='word_1_412' title='bbox 1107 3492 1194 3567; x_wconf 81' lang='lat' dir='ltr'>nostrie</span> <span class='ocrx_word' id='word_1_413' title='bbox 1201 3535 1209 3577; x_wconf 93' lang='lat'>;</span> 
     </span>
     <span class='ocr_line' id='line_1_43' title="bbox 110 3580 1206 3650; baseline 0.003 -23"><span class='ocrx_word' id='word_1_414' title='bbox 110 3594 143 3628; x_wconf 91' lang='lat' dir='ltr'>ne</span> <span class='ocrx_word' id='word_1_415' title='bbox 154 3594 219 3628; x_wconf 89' lang='lat' dir='ltr'>nuno</span> <span class='ocrx_word' id='word_1_416' title='bbox 230 3580 359 3631; x_wconf 87' lang='lat' dir='ltr'>dulcedine</span> <span class='ocrx_word' id='word_1_417' title='bbox 370 3584 443 3631; x_wconf 89' lang='lat' dir='ltr'>eemel</span> <span class='ocrx_word' id='word_1_418' title='bbox 461 3583 526 3645; x_wconf 82' lang='lat' dir='ltr'>oupti</span> <span class='ocrx_word' id='word_1_419' title='bbox 543 3583 621 3631; x_wconf 82' lang='lat' dir='ltr'>ferent</span> <span class='ocrx_word' id='word_1_420' title='bbox 631 3584 784 3634; x_wconf 77' lang='lat' dir='ltr'>desiderium.</span> <span class='ocrx_word' id='word_1_421' title='bbox 816 3587 874 3638; x_wconf 85' lang='lat' dir='ltr'>vid.</span> <span class='ocrx_word' id='word_1_422' title='bbox 884 3588 954 3650; x_wconf 77' lang='lat' dir='ltr'>plura</span> <span class='ocrx_word' id='word_1_423' title='bbox 962 3587 1010 3634; x_wconf 82' lang='lat' dir='ltr'>ulie</span> <span class='ocrx_word' id='word_1_424' title='bbox 1020 3586 1131 3648; x_wconf 81' lang='lat' dir='ltr'>exemplu</span> <span class='ocrx_word' id='word_1_425' title='bbox 1141 3584 1206 3647; x_wconf 78' lang='lat' dir='ltr'>opud</span> 
     </span>
     <span class='ocr_line' id='line_1_44' title="bbox 112 3645 1209 3774; baseline 0.002 -80"><span class='ocrx_word' id='word_1_426' title='bbox 112 3645 247 3774; x_wconf 55' lang='lat' dir='ltr'>{qqpllteqqq</span> <span class='ocrx_word' id='word_1_427' title='bbox 264 3647 391 3698; x_wconf 81' lang='lat' dir='ltr'>Obeervot.</span> <span class='ocrx_word' id='word_1_428' title='bbox 403 3648 473 3696; x_wconf 84' lang='lat' dir='ltr'>Hiet.</span> <span class='ocrx_word' id='word_1_429' title='bbox 489 3648 505 3694; x_wconf 89' lang='lat' dir='ltr'>l.</span> <span class='ocrx_word' id='word_1_430' title='bbox 524 3653 548 3697; x_wconf 79' lang='lat'>3.</span> <span class='ocrx_word' id='word_1_431' title='bbox 567 3664 589 3696; x_wconf 85' lang='lat' dir='ltr'>o.</span> <span class='ocrx_word' id='word_1_432' title='bbox 607 3652 648 3698; x_wconf 88' lang='grc'>26.</span> <span class='ocrx_word' id='word_1_433' title='bbox 662 3664 687 3711; x_wconf 89' lang='lat' dir='ltr'>p.</span> <span class='ocrx_word' id='word_1_434' title='bbox 708 3653 764 3739; x_wconf 79' lang='grc'><strong>161.</strong></span> <span class='ocrx_word' id='word_1_435' title='bbox 785 3650 866 3715; x_wconf 89' lang='lat' dir='ltr'>(Iupr.</span> <span class='ocrx_word' id='word_1_436' title='bbox 875 3667 916 3715; x_wconf 86' lang='lat' dir='ltr'>ep.</span> <span class='ocrx_word' id='word_1_437' title='bbox 929 3652 1035 3700; x_wconf 79' lang='lat' dir='ltr'>Gronov.</span> <span class='ocrx_word' id='word_1_438' title='bbox 1045 3656 1071 3698; x_wconf 83' lang='lat' dir='ltr'>et</span> <span class='ocrx_word' id='word_1_439' title='bbox 1089 3648 1209 3699; x_wconf 78' lang='lat' dir='ltr'>Drok.ed</span> 
     </span>
    </p>
   </div>
   <div class='ocr_carea' id='block_1_18' title="bbox 146 3808 1210 3956">
    <p class='ocr_par' dir='ltr' id='par_1_20' title="bbox 146 3808 1210 3956">
     <span class='ocr_line' id='line_1_45' title="bbox 506 3808 820 3874; baseline 0 -14"><span class='ocrx_word' id='word_1_440' title='bbox 506 3808 544 3874; x_wconf 91' lang='grc'>(2.</span> <span class='ocrx_word' id='word_1_441' title='bbox 562 3811 602 3859; x_wconf 87' lang='lat' dir='ltr'>Ne</span> <span class='ocrx_word' id='word_1_442' title='bbox 611 3825 655 3873; x_wconf 91' lang='lat' dir='ltr'>pro</span> <span class='ocrx_word' id='word_1_443' title='bbox 665 3825 694 3859; x_wconf 81' lang='lat' dir='ltr'>ne</span> <span class='ocrx_word' id='word_1_444' title='bbox 705 3809 820 3874; x_wconf 80' lang='lat' dir='ltr'>quidem.)</span> 
     </span>
     <span class='ocr_line' id='line_1_46' title="bbox 146 3886 1210 3956; baseline 0.008 -19"><span class='ocrx_word' id='word_1_445' title='bbox 146 3886 195 3937; x_wconf 85' lang='lat' dir='ltr'>Sed</span> <span class='ocrx_word' id='word_1_446' title='bbox 205 3895 234 3937; x_wconf 87' lang='lat' dir='ltr'>ut</span> <span class='ocrx_word' id='word_1_447' title='bbox 243 3903 273 3940; x_wconf 79' lang='lat' dir='ltr'>rte</span> <span class='ocrx_word' id='word_1_448' title='bbox 283 3903 327 3954; x_wconf 92' lang='lat' dir='ltr'>pro</span> <span class='ocrx_word' id='word_1_449' title='bbox 337 3892 422 3942; x_wconf 72' lang='lat' dir='ltr'>nedum</span> <span class='ocrx_word' id='word_1_450' title='bbox 432 3891 527 3949; x_wconf 86' lang='lat' dir='ltr'>dicitur,</span> <span class='ocrx_word' id='word_1_451' title='bbox 538 3891 573 3941; x_wconf 79' lang='lat' dir='ltr'>rio</span> <span class='ocrx_word' id='word_1_452' title='bbox 584 3892 656 3941; x_wconf 81' lang='lat' dir='ltr'>etiam</span> <span class='ocrx_word' id='word_1_453' title='bbox 667 3907 710 3956; x_wconf 89' lang='lat' dir='ltr'>pro</span> <span class='ocrx_word' id='word_1_454' title='bbox 725 3908 755 3942; x_wconf 87' lang='lat' dir='ltr'>ne</span> <span class='ocrx_word' id='word_1_455' title='bbox 763 3893 868 3956; x_wconf 75' lang='lat' dir='ltr'>quidem.</span> <span class='ocrx_word' id='word_1_456' title='bbox 900 3896 999 3945; x_wconf 67' lang='lat' dir='ltr'>Peteon.</span> <span class='ocrx_word' id='word_1_457' title='bbox 1010 3909 1033 3942; x_wconf 88' lang='lat' dir='ltr'>o.</span> <span class='ocrx_word' id='word_1_458' title='bbox 1046 3897 1088 3945; x_wconf 92' lang='grc'>47.</span> <span class='ocrx_word' id='word_1_459' title='bbox 1105 3893 1163 3943; x_wconf 87' lang='lat' dir='ltr'>Hoo</span> <span class='ocrx_word' id='word_1_460' title='bbox 1170 3909 1210 3945; x_wconf 85' lang='lat' dir='ltr'>eo·</span> 
     </span>
    </p>
   </div>
   <div class='ocr_carea' id='block_1_19' title="bbox 112 4098 1215 4230">
    <p class='ocr_par' dir='ltr' id='par_1_21' title="bbox 112 4098 1215 4230">
     <span class='ocr_line' id='line_1_47' title="bbox 147 4098 1211 4169; baseline 0.006 -21"><span class='ocrx_word' id='word_1_461' title='bbox 147 4098 160 4134; x_wconf 89' lang='lat'><strong><em>⁷</em></strong></span> <span class='ocrx_word' id='word_1_462' title='bbox 178 4100 246 4148; x_wconf 82' lang='lat' dir='ltr'>Num</span> <span class='ocrx_word' id='word_1_463' title='bbox 264 4100 389 4149; x_wconf 80' lang='lat' dir='ltr'>continuat</span> <span class='ocrx_word' id='word_1_464' title='bbox 403 4100 533 4152; x_wconf 81' lang='lat' dir='ltr'>orationem</span> <span class='ocrx_word' id='word_1_465' title='bbox 551 4101 594 4165; x_wconf 82' lang='lat' dir='ltr'>itu,</span> <span class='ocrx_word' id='word_1_466' title='bbox 611 4102 646 4150; x_wconf 87' lang='lat' dir='ltr'>uti</span> <span class='ocrx_word' id='word_1_467' title='bbox 662 4103 725 4152; x_wconf 83' lang='lat' dir='ltr'>enim</span> <span class='ocrx_word' id='word_1_468' title='bbox 734 4109 761 4150; x_wconf 89' lang='lat' dir='ltr'>et</span> <span class='ocrx_word' id='word_1_469' title='bbox 768 4104 863 4159; x_wconf 84' lang='lat' dir='ltr'>etenim,</span> <span class='ocrx_word' id='word_1_470' title='bbox 874 4103 968 4152; x_wconf 82' lang='lat' dir='ltr'>etiami</span> <span class='ocrx_word' id='word_1_471' title='bbox 981 4105 1048 4152; x_wconf 88' lang='lat' dir='ltr'>looue</span> <span class='ocrx_word' id='word_1_472' title='bbox 1059 4104 1168 4169; x_wconf 77' lang='lat' dir='ltr'>ejusnon</span> <span class='ocrx_word' id='word_1_473' title='bbox 1179 4105 1211 4154; x_wconf 83' lang='lat' dir='ltr'>eit</span> 
     </span>
     <span class='ocr_line' id='line_1_48' title="bbox 112 4164 1215 4230; baseline 0.004 -18"><span class='ocrx_word' id='word_1_474' title='bbox 112 4171 255 4229; x_wconf 79' lang='lat' dir='ltr'>postremus.</span> <span class='ocrx_word' id='word_1_475' title='bbox 288 4164 346 4213; x_wconf 87' lang='lat' dir='ltr'>Vid.</span> <span class='ocrx_word' id='word_1_476' title='bbox 359 4166 410 4214; x_wconf 80' lang='lat' dir='ltr'>Ciu.</span> <span class='ocrx_word' id='word_1_477' title='bbox 421 4167 440 4213; x_wconf 90' lang='lat' dir='ltr'>l.</span> <span class='ocrx_word' id='word_1_478' title='bbox 451 4171 475 4215; x_wconf 92' lang='grc'>7.</span> <span class='ocrx_word' id='word_1_479' title='bbox 490 4182 525 4228; x_wconf 81' lang='lat' dir='ltr'>ep.</span> <span class='ocrx_word' id='word_1_480' title='bbox 536 4172 560 4215; x_wconf 94' lang='grc'>1.</span> <span class='ocrx_word' id='word_1_481' title='bbox 575 4169 589 4230; x_wconf 78' lang='lat'>§</span> <span class='ocrx_word' id='word_1_482' title='bbox 602 4171 640 4215; x_wconf 85' lang='grc'>10.</span> <span class='ocrx_word' id='word_1_483' title='bbox 655 4175 680 4215; x_wconf 88' lang='lat' dir='ltr'>et</span> <span class='ocrx_word' id='word_1_484' title='bbox 691 4169 707 4215; x_wconf 89' lang='lat' dir='ltr'>l.</span> <span class='ocrx_word' id='word_1_485' title='bbox 718 4173 743 4217; x_wconf 89' lang='grc'><strong>2.</strong></span> <span class='ocrx_word' id='word_1_486' title='bbox 754 4183 791 4230; x_wconf 84' lang='lat' dir='ltr'>ep·</span> <span class='ocrx_word' id='word_1_487' title='bbox 807 4172 846 4219; x_wconf 91' lang='grc'>16.</span> <span class='ocrx_word' id='word_1_488' title='bbox 858 4168 874 4214; x_wconf 93' lang='grc' dir='ltr'><strong>Ι.</strong></span> <span class='ocrx_word' id='word_1_489' title='bbox 887 4171 910 4215; x_wconf 94' lang='grc'>1.</span> <span class='ocrx_word' id='word_1_490' title='bbox 926 4171 955 4218; x_wconf 85' lang='lat' dir='ltr'>de</span> <span class='ocrx_word' id='word_1_491' title='bbox 974 4169 1044 4219; x_wconf 80' lang='lat' dir='ltr'>Oroi·</span> <span class='ocrx_word' id='word_1_492' title='bbox 1056 4185 1079 4217; x_wconf 88' lang='lat' dir='ltr'>o.</span> <span class='ocrx_word' id='word_1_493' title='bbox 1096 4175 1123 4219; x_wconf 82' lang='grc'>4.</span> <span class='ocrx_word' id='word_1_494' title='bbox 1136 4170 1215 4219; x_wconf 68' lang='lat' dir='ltr'>Beni.</span> 
     </span>
    </p>
   </div>
   <div class='ocr_carea' id='block_1_20' title="bbox 115 4230 1026 4360">
    <p class='ocr_par' dir='ltr' id='par_1_22' title="bbox 115 4230 1026 4360">
     <span class='ocr_line' id='line_1_49' title="bbox 115 4230 1026 4298; baseline 0.008 -20"><span class='ocrx_word' id='word_1_495' title='bbox 115 4245 139 4278; x_wconf 84' lang='lat' dir='ltr'>o.</span> <span class='ocrx_word' id='word_1_496' title='bbox 150 4233 192 4278; x_wconf 88' lang='grc'>64.</span> <span class='ocrx_word' id='word_1_497' title='bbox 202 4230 221 4277; x_wconf 92' lang='grc' dir='ltr'>Ι.</span> <span class='ocrx_word' id='word_1_498' title='bbox 231 4232 254 4276; x_wconf 91' lang='grc'>1.</span> <span class='ocrx_word' id='word_1_499' title='bbox 267 4231 297 4280; x_wconf 89' lang='lat' dir='ltr'>de</span> <span class='ocrx_word' id='word_1_500' title='bbox 308 4230 369 4279; x_wconf 82' lang='lat' dir='ltr'>Nat.</span> <span class='ocrx_word' id='word_1_501' title='bbox 380 4232 454 4281; x_wconf 86' lang='lat' dir='ltr'>Deor.</span> <span class='ocrx_word' id='word_1_502' title='bbox 466 4247 487 4279; x_wconf 87' lang='lat' dir='ltr'>c.</span> <span class='ocrx_word' id='word_1_503' title='bbox 499 4235 539 4280; x_wconf 91' lang='grc'>11.</span> <span class='ocrx_word' id='word_1_504' title='bbox 553 4233 599 4298; x_wconf 71' lang='lat' dir='ltr'>bie,</span> <span class='ocrx_word' id='word_1_505' title='bbox 609 4233 627 4282; x_wconf 90' lang='lat'>1.</span> <span class='ocrx_word' id='word_1_506' title='bbox 637 4237 661 4284; x_wconf 85' lang='grc'>2.</span> <span class='ocrx_word' id='word_1_507' title='bbox 673 4249 696 4283; x_wconf 86' lang='lat' dir='ltr'>c.</span> <span class='ocrx_word' id='word_1_508' title='bbox 706 4236 749 4286; x_wconf 89' lang='grc'>27.</span> <span class='ocrx_word' id='word_1_509' title='bbox 761 4233 815 4286; x_wconf 77' lang='lat' dir='ltr'>ln.</span> <span class='ocrx_word' id='word_1_510' title='bbox 825 4236 855 4287; x_wconf 85' lang='lat' dir='ltr'>de</span> <span class='ocrx_word' id='word_1_511' title='bbox 867 4233 955 4287; x_wconf 72' lang='lat' dir='ltr'>nteie.</span> <span class='ocrx_word' id='word_1_512' title='bbox 963 4251 989 4284; x_wconf 77' lang='lat' dir='ltr'>o.</span> <span class='ocrx_word' id='word_1_513' title='bbox 997 4239 1026 4286; x_wconf 82' lang='lat' dir='ltr'>l.</span> 
     </span>
     <span class='ocr_line' id='line_1_50' title="bbox 148 4289 1015 4360; baseline 0.013 -21"><span class='ocrx_word' id='word_1_514' title='bbox 148 4292 161 4327; x_wconf 77' lang='lat'><strong>⁸</strong></span> <span class='ocrx_word' id='word_1_515' title='bbox 175 4289 305 4343; x_wconf 75' lang='lat' dir='ltr'>Altinum</span> <span class='ocrx_word' id='word_1_516' title='bbox 314 4295 395 4345; x_wconf 83' lang='lat' dir='ltr'>locum</span> <span class='ocrx_word' id='word_1_517' title='bbox 406 4297 478 4346; x_wconf 78' lang='lat' dir='ltr'>aliter</span> <span class='ocrx_word' id='word_1_518' title='bbox 485 4297 579 4360; x_wconf 82' lang='lat' dir='ltr'>legunt.</span> <span class='ocrx_word' id='word_1_519' title='bbox 663 4328 666 4333; x_wconf 91' lang='lat'><em>·</em></span> <span class='ocrx_word' id='word_1_520' title='bbox 1012 4338 1015 4343; x_wconf 84' lang='lat'>.</span> 
     </span>
    </p>
   </div>
   <div class='ocr_carea' id='block_1_21' title="bbox 170 4371 1157 4426">
    <p class='ocr_par' dir='ltr' id='par_1_23' title="bbox 170 4371 1157 4426">
     <span class='ocr_line' id='line_1_51' title="bbox 170 4371 1157 4426; baseline 0.004 -8"><span class='ocrx_word' id='word_1_521' title='bbox 170 4371 239 4418; x_wconf 68' lang='lat' dir='ltr'>stre.</span> <span class='ocrx_word' id='word_1_522' title='bbox 1096 4374 1157 4426; x_wconf 68' lang='grc' dir='ltr'>*ὶῦ</span> 
     </span>
    </p>
   </div>
   <div class='ocr_carea' id='block_1_22' title="bbox 0 0 1341 4636">
    <p class='ocr_par' dir='ltr' id='par_1_24' title="bbox 0 0 1341 4636">
     <span class='ocr_line' id='line_1_52' title="bbox 0 0 1341 4636; baseline 0 0"><span class='ocrx_word' id='word_1_523' title='bbox 0 0 1341 4636; x_wconf 95' lang='lat' dir='ltr'> </span> 
     </span>
    </p>
   </div>
  </div>
 </body>
</html>
