2670 4636
130 244 190 320 666·
440 237 881 321 nonnrrr'rnnsr'nnrsr
1126 261 1239 340 [enee.

133 403 191 454 Ast.
201 404 218 453 l.
230 408 253 454 l.
262 419 298 469 ep.
341 420 367 454 n.
382 403 493 454 Affirmst
507 421 523 454 s
531 420 559 454 se
568 405 628 454 nihil
645 405 757 468 cuiqnsru
767 402 799 455 ‹le
808 413 834 455 to
851 419 921 456 66666
930 398 984 455 o'ste
995 404 1097 456 dicturo.
1132 405 1174 455 161.
1186 406 1203 453 Ι.
1213 408 1236 455 8.

135 470 206 520 Fons
213 485 249 534 ep.
261 475 286 520 6.
329 479 401 519 etuo
415 471 440 518 in
458 487 497 520 nse
509 471 590 519 sniuro
603 470 692 535 iniquis
709 486 780 521 secus
794 470 948 521 existimandi
961 470 1053 520 videris
1065 471 1184 520 nonnihil
1193 468 1238 519 loci

135 533 242 584 dedisse.
263 534 346 585 'Add.
357 537 397 585 ld.
406 536 424 584 l.
434 541 460 587 4.
468 538 498 586 ne
509 537 565 586 Fen.
575 539 679 586 c.2l.et
689 535 738 586 l.6.
749 536 819 587 Fons
829 552 867 602 ep.
873 541 916 587 22.

477 652 502 699 8.
519 648 593 700 Sosus
603 664 641 714 sc,
651 665 679 699 sc
686 648 716 706 si,
726 654 807 714 utque,
817 664 897 714 quors-

138 744 140 749 ·
166 727 237 792 Snpe
248 728 361 779 sisciscit
371 730 484 787 sc3ucsi,
494 736 662 795 6166666666.
679 731 880 793 66669166.
891 746 915 781 6.
926 735 950 781 l.
963 730 1051 783 Planci
1065 747 1116 797 ego
1133 733 1235 781 eslutsu

135 807 184 841 non
194 808 264 842 66666
273 808 303 843 66
313 809 391 843 meum
400 795 461 844 tueri
471 796 557 844 debeo.
590 797 631 845 Id.
638 810 683 860 pro
693 796 761 845 Mer.
771 811 795 845 6.
806 799 832 845 4.
848 794 937 844 Tecum
953 811 1024 861 ogurn
1040 813 1094 847 non
1110 812 1197 862 secus,
1209 813 1235 845 se

134 857 233 907 sinrens
243 873 309 907 esses
318 859 400 909 freter.
433 861 472 911 Is.
484 862 555 910 Oret.
566 875 588 909 6.
605 864 646 911 14.
667 858 807 909 Dicendum
817 867 857 909 est
869 861 1005 924 nliqusndo
1016 877 1098 920 secus,
1120 869 1195 926 etque
1211 861 1235 909 in

135 921 252 981 6666666
269 932 322 973 srto
336 923 385 974 dici
394 924 466 973 solet.
498 926 567 975 Iden
580 925 637 975 Ass.
647 924 665 974 l.
675 930 699 975 6.
710 928 782 990 eps-2.
804 925 872 973 Mihi
880 934 963 975 nutem
978 926 1027 975 erit
1035 927 1234 983 6666666666,

134 1000 167 1036 ue
178 987 237 1050 qnid
252 986 382 1047 listsecus,
399 1004 469 1054 qusnr
479 989 598 1046 6616666,
608 1004 681 1054 quum
691 997 794 1053 oportet.
811 989 905 1041 itsinll
920 990 996 1056 lssrp
1012 992 1153 1069 particulos
1168 991 1234 1055 Μ

135 1056 161 1101 lo
167 1057 267 1115 present
276 1069 323 1118 unp
334 1054 404 1116 thing
413 1055 482 1114 sross
497 1055 632 1119 lrnppcsing
646 1055 771 1104 ethereus
788 1054 848 1104 tien
865 1070 901 1105 soe
910 1056 979 1105 66616
989 1056 1059 1114 meh,
1075 1072 1104 1105 or
1118 1058 1200 1107 666614
1210 1056 1235 1107 it

132 1130 227 1180 proper.
261 1117 300 1165 ld.
313 1119 383 1168 Orsi.
393 1135 417 1168 6.
427 1124 468 1169 29.
485 1119 524 1168 Ab
534 1120 572 1168 lris
582 1134 631 1168 non
641 1120 718 1168 multo
729 1134 808 1177 secus,
819 1134 892 1184 quum
902 1134 917 1166 s
926 1120 1013 1184 poclis,
1024 1122 1078 1171 666
1088 1120 1234 1186 eloquendo.

135 1196 207 1245 qnsrn
218 1181 352 1246 quaerirnus,
361 1182 495 1232 revocando
503 1191 550 1234 est

589 1283 614 1331 4.
631 1278 782 1330 Admonitio.

167 1358 223 1408 Nos
239 1374 307 1411 66666
321 1375 350 1411 oc
368 1367 495 1425 usnrpstnr
508 1361 649 1424 insequente
671 1367 834 1413 consonante:
853 1361 910 1412 Nos
927 1376 995 1412 66666
1007 1368 1081 1427 etque
1095 1363 1232 1429 insequente

134 1423 220 1475 sonuli.
230 1424 288 1476 Nos
295 1440 360 1478 66666
370 1442 448 1491 quoto.
459 1441 515 1476 cum
525 1434 681 1491 consonante,
688 1433 746 1475 tunc
756 1425 834 1475 vocali
843 1435 968 1491 sequente.
984 1427 1052 1492 lege
1061 1427 1103 1479 Ac
1112 1437 1140 1479 et
1149 1428 1233 1494 Atqu.

512 1539 560 1590 ⁸5.
577 1541 850 1604 Haudsecssquumsi.

167 1619 223 1670 ste.
234 1620 252 1668 l.
263 1625 288 1670 2.
299 1637 322 1669 6.
331 1625 373 1670 89.
389 1620 472 1672 Volsci
481 1622 546 1670 hand
555 1638 635 1687 secus,
646 1637 716 1686 quoru
727 1621 748 1671 si
758 1622 785 1669 in
797 1621 897 1672 insidis·
907 1621 1059 1689 incidissent,
1075 1621 1168 1672 suberi
1183 1637 1234 1671 rer·

134 1692 270 1800 ffimgm
303 1687 344 1736 In.
357 1687 375 1734 l.
385 1689 426 1736 22.
437 1704 459 1737 6.
471 1691 512 1737 68.
522 1687 541 1736 l.
552 1690 593 1737 46.
605 1703 627 1736 6.
637 1690 679 1736 28.
695 1687 712 1735 l.
724 1691 748 1736 8.
760 1701 782 1735 6.
793 1691 835 1737 28.
846 1696 872 1735 et
888 1686 993 1738 1.42.6.
1006 1692 1047 1737 18.
1063 1689 1152 1740 Plentt.
1168 1688 1231 1738 Res

411 1849 426 1878 ¹*
436 1854 461 1899 6.
477 1848 553 1900 11666
562 1864 628 1900 secus
641 1864 711 1912 quum
720 1864 763 1913 pro
772 1851 919 1913 necunquam
926 1849 959 1899 si.

167 1926 286 1979 116666
296 1945 318 1979 6.
328 1934 355 1981 8.
371 1929 456 1978 Triarii
466 1931 509 1978 sub
520 1930 617 1979 vexillis
627 1927 792 1986 considebunt,
803 1930 882 1978 husten
891 1930 1005 1979 subnecte
1017 1928 1118 1997 cnqside
1135 1929 1163 1981 in
1174 1937 1232 1982 tom

133 1991 201 2052 ires,
218 1995 283 2044 hund
297 2010 367 2044 secus
382 2009 452 2058 quoru
462 1995 527 2044 rullo
537 2003 606 2059 septu
616 1995 748 2043 inhorreret
757 1993 829 2052 ocios,
841 2003 961 2045 tenentos.

471 2110 698 2160 ’6916666666
730 2110 815 2173 Longe
824 2125 898 2159 secus.

167 2187 220 2234 cn.
227 2187 245 2236 1.
255 2193 279 2237 o.
290 2190 360 2238 nn.
369 2205 406 2254 ep.
418 2195 457 2240 rr.
473 2189 502 2238 rr
519 2206 565 2253 eg.
581 2189 696 2252 suspicari
713 2189 774 2252 cepi
788 2205 820 2237 ex
833 2189 879 2237 sn.
889 2187 966 2237 666
976 2178 1161 2254 autumpnus
1169 2162 1231 2248 esess

133 2258 236 2299 666666
251 2255 328 2302 multo
342 2270 421 2303 secus.
454 2255 611 2319 Id.prollls'l.
627 2259 701 2303 619.
727 2254 791 2301 Milo
807 2255 836 2302 fit
850 2254 947 2303 obvious
959 2254 1046 2304 Clodio
1061 2263 1118 2304 onte
1131 2254 1233 2304 fundum

204 2316 261 2365 horo
269 2317 320 2367 fere
330 2318 466 2376 undecimo,
477 2328 519 2368 666
527 2334 577 2367 666
587 2320 664 2367 multo
675 2333 753 2367 secus.
786 2317 853 2369 666,
864 2320 903 2368 lo.
914 2320 932 2367 l.
943 2323 967 2369 4.
980 2321 1053 2380 Fqss
1061 2335 1100 2383 ep.
1108 2325 1136 2371 9.
1152 2327 1181 2369 et
1190 2335 1233 2384 prs

132 2330 219 2495 :ffic-
232 2397 255 2433 6.
272 2386 312 2435 12.
329 2383 369 2434 16.
383 2385 401 2437 l.
411 2390 437 2437 2.
447 2387 476 2436 (lc
489 2386 561 2434 Oret.
571 2399 594 2433 c.
608 2389 649 2434 99.
660 2383 737 2448 princ.
756 2383 807 2432 Ine
817 2399 870 2433 csse
879 2382 1018 2442 concedens,
1032 2399 1087 2448 quse
1098 2391 1156 2435 sunt
1164 2387 1232 2451 longe

545 2644 659 2696 CAPUT
686 2643 812 2694 CCXLII.

491 2762 541 2823 Ds
556 2760 773 2840 Cortjesuetionc
793 2759 871 2820 Suu.

165 2890 189 2935 l.
205 2886 257 2937 Suo
271 2887 417 2939 sdversntur.
445 2888 570 2939 Interdum
584 2888 706 2953 abrumpit
723 2889 863 2937 orationem.
899 2888 952 2937 Cic.
968 2886 1046 2955 sicud.
1065 2889 1161 2945 Quoese
1177 2890 1195 2937 l.
1206 2893 1228 2939 4.

132 2968 153 3002 6.
166 2957 205 3001 17.
221 2955 268 3003 Sed
283 2954 309 3002 id
328 2957 472 3004 omittemus.
488 2955 627 3020 (Interdum
635 2963 717 3004 contra
725 2955 856 3002 continuet.
863 2951 894 3000 V.
904 2954 972 3002 Cori.
980 2955 1011 3002 ad
1022 2954 1084 3003 Seth
1097 2955 1153 3005 est.
1161 2970 1184 3003 6.
1191 2957 1229 3004 48.

132 3017 197 3130 522.)
206 3081 256 3132 Sed
265 3089 344 3134 466666
354 3099 398 3148 per
411 3085 586 3148 pleouosnsum.
621 3084 674 3133 Cic.
684 3099 727 3148 pro
738 3084 818 3133 Marc.
829 3097 852 3132 6.
862 3086 878 3133 8
889 3085 948 3131 614.

164 3151 189 3194 8.
205 3146 255 3196 Sed
281 3153 360 3199 lumen
384 3159 441 3214 post
464 3148 626 3213 parenthesin.
661 3146 1105 3214 cie.1.9.Fosnep.1o.etc.(oe
1122 3144 1227 3199 0612.

132 3225 153 3258 c.
164 3214 205 3258 99.
215 3220 240 3258 ot
251 3211 268 3260 l.
280 3217 304 3261 8.
316 3229 338 3260 6.
351 3219 390 3263 12.
401 3213 464 3277 elo.)

163 3279 188 3325 4.
206 3275 256 3325 Sed
269 3287 325 3338 post
339 3279 499 3340 psrenthesiu.
533 3280 586 3327 cte.
597 3281 626 3328 de
639 3278 691 3344 Off.
702 3279 718 3327 l.
729 3281 753 3327 1.
764 3293 788 3326 c.
799 3281 841 3327 39.
852 3285 878 3326 et
885 3294 929 3342 pro
940 3278 1027 3328 Milon.
1038 3293 1060 3326 6.
1072 3281 1114 3328 27.
1126 3284 1153 3327 el
1164 3281 1204 3328 86.

128 3404 143 3467 ς
153 3340 268 3455 giris?
275 3344 372 3473 gons?
381 3344 454 3395 elium
463 3359 535 3409 saepe,
545 3341 655 3408 inprimis
668 3341 733 3408 opud
750 3343 867 3394 ruoilum.
883 3343 923 3393 Sic
933 3343 1007 3392 eliam
1018 3343 1080 3394 Sall.
1093 3343 1153 3394 Cui.
1161 3342 1230 3394 618.

536 3602 652 3654 CAPUT
677 3601 817 3653 CCXLIII.

540 3723 567 3778 l.
583 3720 715 3786 sonem
736 3736 816 3779 6666.

164 3845 216 3895 Cic.
226 3849 255 3896 cle
266 3849 319 3913 Off.
330 3848 348 3897 l.
359 3852 384 3898 8.
394 3863 416 3897 6.
427 3850 468 3897 16.
495 3846 553 3897 Non
563 3847 627 3913 plue,
643 3863 713 3913 quern
729 3845 811 3904 semol,
822 3845 956 3912 eloquetur.
972 3843 1002 3895 lte
1010 3844 1075 3908 68611
1083 3859 1129 3912 ssy
1137 3849 1166 3896 st
1175 3858 1228 3896 6666

130 3907 195 3959 what
205 3910 295 3963 ternu
301 3914 358 3976 gine
368 3929 395 3964 or
405 3913 468 3964 take.

445 4030 471 4077 2.
488 4025 576 4076 Setuci.
592 4027 851 4087 64666666666166
866 4027 907 4078 ull.

163 4102 216 4153 Cic.
227 4106 256 4153 de
269 4105 321 4180 Off.
331 4107 347 4154 l.
359 4113 382 4157 8.
392 4125 414 4157 c.
428 4112 467 4158 16.
483 4107 589 4157 scevola
601 4124 673 4171 quurn
692 4110 844 4174 postulasset,
855 4117 882 4157 ut
899 4106 943 4156 sibi
956 4106 1054 4164 fundus,
1072 4106 1142 4172 cnjus
1153 4111 1227 4154 emtor

124 4175 184 4232 eret,
195 4170 270 4218 semel
286 4171 439 4221 indicaretur.
455 4177 481 4223 ot
495 4189 510 4224 n
522 4175 597 4229 6666,
606 4188 661 4222 once
671 4173 716 4230 sor
726 4175 766 4230 cll,
776 4175 876 4238 plainly.
892 4173 952 4239 (Est
963 4172 1049 4220 'cedern
1065 4172 1102 4220 rie
1120 4170 1227 4236 ejusden

116 4236 239 4287 vocabuli.
255 4237 305 4287 Sed
318 4237 437 4290 Germsni
452 4255 503 4288 nou
519 4239 704 4303 itnloquuutur.
731 4238 790 4285 llos
805 4239 944 4299 exemplum
951 4252 1005 4283 nou
1019 4236 1101 4285 ‹illiert
1114 4253 1131 4286 6
1150 4235 1226 4300 priori,

105 4311 197 4372 estque
208 4303 243 4358 de
255 4304 345 4359 eodem
355 4323 392 4359 re.
426 4306 515 4359 Sermo
533 4311 576 4356 est
592 4305 625 4353 ue
635 4302 766 4352 uenhitore
779 4308 807 4351 et
819 4307 923 4348 erutore.
946 4299 1070 4346 *lenones
1086 4302 1158 4347 unsel
1168 4300 1238 4345 nene
