2670 4636
106 243 186 323 our]
244 287 246 291 «
455 245 511 306 DE
542 242 783 306 PARTICULIS
804 253 861 306 etc.
1142 246 1201 311 tot

105 375 191 504 Δ441444
200 388 398 478 quemadmodum
407 398 488 443 nostro
500 390 603 449 crimini,
614 391 737 443 sedetiam
751 407 800 456 quo
811 398 882 458 pacto
892 390 1096 447 cunctanctium
1104 393 1201 449 medea-

121 471 158 506 m·
793 474 797 483 .

329 553 367 620 (9.
385 554 593 617 Quemadmodum,
609 554 695 602 omisso
713 554 739 600 in
750 561 910 618 consequente
920 553 979 618 ito.)

147 634 200 682 Cic.
212 633 287 684 Acod.
299 635 316 681 l.
327 638 351 682 4.
362 651 384 683 4.
396 639 436 683 44.
461 633 483 681 Ν
487 648 517 682 44
529 634 602 697 enim,
614 634 823 696 quemadmodum,
841 634 862 682 ei
872 634 998 697 quaesitum
1011 635 1043 683 eil
1051 620 1083 686 ex
1094 650 1132 700 eo,
1143 636 1200 685 stel-

107 698 189 746 larum
200 714 313 747 numerus
325 714 366 761 pur
376 714 407 746 an
416 700 493 762 impar
509 699 681 746 sit-nescire
692 715 718 748 se
735 700 809 750 dicat.
841 699 907 747 Ordo
918 699 982 747 enim
996 707 1049 747 est:
1066 701 1124 749 Non
1137 700 1200 749 enim

108 763 145 811 ita
155 764 257 813 dicatae
275 764 376 820 nescim,
388 763 587 826 quemadmodum
596 762 661 813 dicat
670 778 696 812 se
708 765 809 822 nescire,
823 762 977 828 siquasitum
987 763 1019 812 sit
1028 771 1073 815 444.

527 948 638 998 CAPUT
656 947 784 999 CCXVII.

112 1065 163 1123 De
178 1065 323 1126 Pronum.
338 1066 405 1135 Qut
418 1065 462 1125 orl
473 1063 593 1141 Qors(*
608 1064 849 1132 Qnrconoouet
861 1064 1024 1134 Qoreours
1037 1071 1066 1126 el
1076 1064 1199 1145 Quos).

384 1196 398 1259 4
408 1194 430 1245 Ι.
448 1193 463 1224 ⁴*
476 1198 499 1242 1.
518 1193 567 1250 Qut
577 1209 632 1242 cum
640 1193 720 1257 pauci,
729 1193 807 1256 mulli,
816 1193 876 1243 mulli
887 1201 934 1242 cet.

146 1275 200 1331 Qor
219 1291 272 1324 cum
291 1274 387 1325 nomine
402 1276 481 1340 puori,
498 1275 576 1331 malti,
593 1283 619 1323 et
633 1273 749 1323 similibus
764 1273 909 1332 nominibus,
924 1274 1123 1339 conjungendum,
1141 1291 1200 1328 ouo·

110 1339 168 1386 deur
185 1354 273 1397 casum,
288 1356 359 1403 quem
374 1343 452 1404 pauci,
463 1343 531 1388 multi
543 1349 590 1388 cet.
605 1341 703 1402 habent,
719 1339 823 1399 retinet3
839 1340 864 1386 id
898 1339 946 1388 uod
960 1339 1104 1391 Germanica
1120 1341 1203 1407 lingua

108 1418 161 1451 nou
176 1404 271 1466 potitur.
305 1407 355 1454 Cic.
365 1409 393 1454 de
404 1406 527 1454 Senecio.
541 1409 578 1453 14.
596 1403 875 1467 Terupeetivisconvioiie
882 1354 991 1451 delector
1000 1420 1052 1451 curu
1063 1406 1201 1468 equalibus,

110 1467 154 1530 qui
164 1468 236 1530 pauci
246 1469 373 1516 admodum
379 1477 477 1516 restant.
494 1468 605 1531 ceryseto
617 1469 831 1527 to‘wluomremuin.
864 1469 902 1516 14.
915 1469 1111 1531 Fum.l.etep.l.
1127 1469 1202 1534 Regis

110 1547 185 1581 cauea
195 1534 216 1581 ei
226 1534 268 1596 qui
278 1542 339 1589 sunt,
351 1535 391 1596 qui
402 1533 486 1597 velint,
497 1533 539 1596 qui
553 1533 624 1595 pauci
637 1541 701 1590 suut,
712 1547 794 1581 omues
802 1547 853 1583 rem
868 1533 897 1580 ad
908 1531 1048 1594 Pompeium
1059 1534 1148 1583 deferri
1161 1551 1201 1583 vo·

111 1596 236 1647 1444444
252 1600 307 1663 they
324 1614 364 1648 cre
380 1599 485 1658 bolsano.
498 1613 541 1660 pro
552 1599 639 1646 Milon.
651 1613 673 1645 c.
684 1602 708 1647 4.
730 1597 756 1647 Si
771 1605 867 1660 tempus
884 1603 920 1645 est
936 1597 1013 1646 ullum
1028 1596 1083 1660 jure
1100 1598 1202 1652 hominis

111 1661 228 1725 necandi,
244 1680 297 1726 quae
316 1663 392 1713 multa
409 1669 472 1715 sunt.
489 1670 554 1710 certe
571 1662 632 1712 illud
648 1669 686 1710 est
700 1662 797 1727 justum,
815 1661 904 1711 cumvi
920 1661 956 1712 vis
973 1659 1041 1713 illata
1057 1661 1201 1714 defenditur.

111 1731 129 1776 2
143 1729 216 1776 Cotti.
226 1743 247 1777 c.
262 1734 299 1778 19.
309 1735 334 1776 44
344 1729 360 1775 l.
369 1732 392 1777 1.
403 1729 530 1778 441144.
544 1731 582 1776 1⁷.
597 1725 799 1788 Aliquienostris
808 1726 876 1779 aliter
885 1725 1029 1782 existimant,
1040 1728 1201 1791 quosquiden

111 1791 183 1838 video
202 1806 254 1840 esee
269 1793 367 1847 multoe,
385 1794 427 1840 red
445 1790 575 1855 imperitos.
610 1792 628 1838 1.
639 1797 662 1839 1.
672 1793 700 1839 de
715 1790 766 1853 Off.
777 1807 798 1840 c.
809 1795 851 1840 29.
875 1789 930 1843 Huc
941 1791 1000 1842 refer
1011 1791 1069 1839 illa:
1094 1793 1201 1856 014444

112 1856 186 1905 Bato.
198 1871 219 1904 c.
232 1863 271 1906 27.
295 1857 321 1904 Si
338 1857 457 1920 quisunt,
478 1854 698 1918 quibus.infinitum
715 1855 746 1903 sit
756 1855 846 1910 odium,
864 1869 923 1918 quos
940 1854 1012 1902 video
1030 1870 1083 1904 esse
1099 1857 1202 1907 nonnul·

111 1921 158 1977 los,
174 1936 226 1968 cum
245 1921 345 1968 ducibus
364 1920 424 1983 ipsis
434 1920 570 1983 confligant.
597 1920 680 1970 1441.
692 1924 715 1968 1.
726 1935 747 1966 c.
758 1926 798 1969 44.
816 1920 965 1982 Eraugurare
978 1920 1034 1967 iana
1049 1920 1202 1984 Tarquinius,

109 1999 167 2046 4444
178 1985 270 2047 aliquot
279 1985 313 2032 ibi
322 2001 338 2034 a
347 1985 415 2033 Tatio
427 2001 480 2048 rege
497 1993 562 2040 vota,
578 1992 720 2040 consecrata,
731 1985 917 2047 inaugurataque
928 1989 1016 2047 postea·
1023 1985 1123 2034 luerunt.
1151 1987 1203 2035 Cic.

110 2049 130 2094 1.
145 2051 184 2097 11.
193 2048 248 2098 Ao.
258 2066 294 2114 ep.
306 2055 330 2098 4.
351 2050 420 2098 Meae
430 2051 511 2097 literas
526 2050 590 2112 quod
606 2050 712 2112 requiris,
722 2048 838 2113 impedior
850 2048 1030 2111 inopinatorum,
1048 2064 1108 2113 quas
1122 2050 1201 2099 nullas

110 2112 188 2160 babeo
198 2114 283 2163 litteris
292 2114 385 2178 diguus.
423 2115 463 2163 14.
476 2115 491 2164 Ι.
501 2119 526 2162 2.
535 2117 564 2162 de
577 2116 647 2162 Orat.
656 2129 678 2161 c.
689 2118 712 2162 4.
722 2123 784 2162 extr.
801 2113 914 2161 Omnium
923 2113 1076 2177 ineptiarum,
1084 2130 1137 2179 quaa
1145 2123 1203 2164 4444

110 2177 306 2243 innumerabiles,
324 2179 386 2227 baud
395 2179 445 2227 scie
456 2195 486 2227 on
499 2179 547 2226 ullu
562 2180 593 2227 sit
603 2178 679 2241 major
693 2179 796 2235 illorum,
808 2178 851 2240 qui
860 2185 906 2228 cei.
922 2180 970 2233 444
981 2179 1035 2242 moy
1044 2193 1086 2229 444
1096 2180 1202 2230 innume·
1229 2210 1231 2215 =

110 2244 186 2293 44414.
209 2244 263 2309 (pro
274 2259 322 2309 que
332 2245 403 2308 vulgo
410 2243 481 2292 etiam
490 2243 580 2300 dicunt,
592 2259 688 2307 puerum
696 2241 855 2309 pauciorem.)

235 2338 250 2370 ³
261 2345 283 2390 2.
303 2342 357 2397 Est,
369 2341 410 2405 441
420 2356 484 2405 eaepe
498 2341 616 2390 abundare
628 2340 720 2391 videtur
731 2339 863 2398 Germanis,
873 2339 916 2391 ted
927 2346 964 2390 est
973 2340 1078 2405 elegum.

149 2420 201 2468 Cic.
211 2421 228 2469 l.
240 2425 278 2469 16.
290 2422 359 2470 Fam.
368 2438 404 2486 ep.
413 2427 438 2471 4.
455 2423 493 2471 Sic
505 2422 599 2480 habeto,
613 2420 738 2473 neminem
751 2438 812 2478 esse,
826 2421 868 2486 qui
883 2436 922 2468 me
939 2427 1010 2478 emet,
1025 2421 1084 2486 quin
1098 2419 1162 2470 idem
1177 2429 1202 2472 te

113 2492 187 2532 amet.
209 2487 263 2535 4444
272 2502 302 2535 tto
313 2503 355 2536 otte
365 2489 427 2536 loves
437 2503 480 2542 mc,
495 2490 546 2536 olo
557 2489 611 2536 does
629 2493 669 2535 not
686 2489 736 2536 loce
753 2503 798 2550 you
813 2489 871 2535 oleo.
904 2486 968 2534 Iota.
979 2486 995 2533 l.
1004 2492 1030 2533 et
1039 2501 1075 2548 ep.
1088 2489 1111 2534 1.
1127 2485 1201 2550 Regis

112 2563 193 2604 eausa,
203 2551 223 2596 si
234 2551 348 2613 quisunt,
359 2552 401 2614 qui
412 2553 491 2608 velint,
504 2552 545 2614 qui
555 2552 624 2613 puuoi
635 2559 699 2607 eunt,
710 2566 792 2598 omnes
807 2566 855 2597 rem
872 2550 903 2596 ud
914 2550 1055 2612 Pompeium
1065 2549 1151 2600 deferri
1158 2567 1201 2600 vo·

111 2612 175 2662 lunt.
192 2615 265 2672 tiore,
277 2617 328 2664 wlco
338 2631 379 2665 ore
386 2617 414 2674 os
419 2617 458 2665 tlte
467 2616 547 2677 lting's
555 2621 634 2679 party,
645 2616 735 2676 tlroaglt
745 2615 799 2677 tltey
808 2615 834 2662 be
839 2613 891 2672 fem
901 2614 1040 2677 insonter,
1050 2630 1092 2664 ore
1100 2615 1203 2665 anxious

110 2678 167 2726 4444
179 2679 283 2742 Pompry
292 2681 375 2730 should
389 2681 416 2730 lle
425 2681 543 2744 employed
557 2696 588 2729 ott
604 2680 652 2728 tlte
661 2679 776 2728 occueiom.
796 2676 971 2740 4444144144
987 2679 1058 2729 Rosa·
1069 2678 1125 2729 Am.
1135 2695 1158 2728 c·
1168 2684 1200 2730 24

111 2750 138 2788 44
148 2747 190 2792 29.
206 2743 273 2800 Quid
283 2753 320 2793 est
330 2761 395 2808 ergo,
407 2761 455 2809 quo
466 2746 563 2796 tandem
573 2751 704 2800 accusator,
713 2743 794 2806 inopia
802 2749 1001 2804 argumentorum,
1010 2742 1160 2807 confugerit?

434 2835 449 2864 ⁴¹
461 2839 485 2883 3.
503 2835 564 2888 Quoe
578 2838 619 2882 444
630 2838 667 2882 eet
675 2832 818 2887 immanitas,
829 2838 876 2880 cet.

146 2913 265 2962 Notaudae
277 2915 453 2970 muliermala,
464 2930 517 2977 444
525 2918 608 2963 tuaest
619 2914 762 2968 humanitus,
773 2919 799 2960 et
809 2910 909 2960 similes.
944 2909 1164 2976 04141444.
1175 2917 1200 2963 7.

112 2977 186 3026 Certe
203 2980 245 3026 ille
264 2981 351 3042 gratias
370 2995 440 3044 agere
450 2979 543 3034 debuit,
553 2987 587 3041 et,
603 2978 698 3026 siesset
712 2978 810 3034 factum,
826 2993 879 3040 444
888 2984 930 3023 444
943 2982 982 3023 444
998 2975 1140 3034 humanitas,
1156 2978 1200 3026 ad·

108 3043 259 3105 scripsisses.
292 3046 355 3094 idid.
366 3045 384 3091 l.
395 3049 419 3093 1.
431 3049 503 3107 442.
527 3043 553 3092 Si
566 3043 625 3090 mihi
638 3042 785 3106 permisisses
802 3058 863 3103 rem‚
874 3040 915 3104 qui
925 3056 994 3089 meus
1006 3055 1071 3088 antor
1083 3042 1109 3088 in
1119 3049 1145 3090 te
1155 3051 1201 3101 eet,

109 3108 271 3156 coniecissem
282 3125 337 3156 cum
347 3109 518 3158 coheredibus.
551 3109 589 3158 14.
601 3109 619 3155 l.
631 3113 670 3157 13.
680 3123 716 3171 ep.
727 3112 769 3156 19.
790 3106 853 3155 Huic
869 3122 913 3169 ego
929 3105 1094 3159 tantummodo
1110 3107 1203 3157 aditum

112 3173 144 3220 ad
156 3181 223 3220 tuam
233 3173 392 3237 cognitionem
401 3175 520 3238 patefacio
529 3180 555 3221 44
566 3173 645 3222 munio
656 3190 662 3220 ι
684 3173 806 3235 cognitum
816 3187 859 3234 per
871 3179 895 3219 te
904 3170 992 3234 ipsum,
1003 3186 1056 3234 quoe
1067 3179 1108 3219 444
1117 3181 1203 3223 namra

111 3244 160 3292 ost.
171 3237 270 3300 dignum
286 3247 328 3286 tua
342 3239 446 3287 amicitia
456 3239 583 3303 judicabis.
604 3238 660 3286 Non
671 3236 764 3293 dubito,
779 3236 837 3298 quin
852 3237 903 3284 sine
918 3251 973 3284 mea
988 3236 1202 3296 commendatione,

112 3302 181 3364 quod
188 3311 253 3351 tuum
265 3312 304 3351 est
307 3303 424 3369 judicium
432 3306 463 3351 de
470 3305 616 3368 hominibus,
624 3303 700 3366 ipsius
710 3303 800 3353 Lamiae
811 3316 882 3351 44444
892 3301 999 3349 studiose
1009 3302 1090 3350 omnis
1096 3302 1203 3352 14444444
1275 3326 1281 3345 ι

112 3367 155 3413 sis.
188 3367 205 3414 l.
218 3373 257 3416 12.
267 3384 302 3431 φ.
311 3371 410 3433 2944.
427 3371 466 3418 14.
475 3384 517 3431 pro
534 3369 605 3418 Dum.
617 3384 638 3417 4.
649 3372 689 3418 32.
705 3369 778 3416 Pater
789 3377 844 3416 tuus
859 3367 990 3422 siviveret,
1006 3381 1054 3429 444
1073 3369 1201 3416 severitate
1293 3419 1296 3426 .

111 3431 169 3492 inii,
178 3434 316 3495 mprofccto
326 3434 480 3481 uonvioeres.
495 3435 534 3482 14.
545 3432 563 3479 l.
574 3437 598 3480 9.
610 3434 721 3497 Fumcp.
734 3441 760 3480 et
770 3435 815 3497 §9.
833 3432 987 3495 Quaeounque
996 3429 1027 3478 de
1035 3440 1077 3479 444
1085 3431 1202 3495 dignitate

113 3503 184 3545 erunt
196 3497 353 3562 impetranda,
370 3514 418 3562 qua
432 3507 469 3546 est
481 3497 629 3545 humanitate
643 3497 730 3552 Casan,
746 3497 885 3545 facillimum
902 3497 948 3544 erit
958 3495 988 3543 ab
1003 3510 1032 3543 eo
1045 3496 1089 3544 tibi
1098 3497 1147 3559 ipsi
1157 3497 1202 3545 im-

112 3573 214 3623 petrare.
245 3563 371 3626 (Ceterum
385 3566 415 3611 de
435 3565 480 3611 hac
499 3563 574 3610 forma
586 3561 700 3625 loquendi
716 3562 803 3623 diguus
818 3569 865 3625 est,
880 3561 922 3624 qui
939 3562 1040 3623 legatur,
1062 3561 1205 3612 Perizonius

113 3626 145 3672 ad
157 3627 254 3679 Sunclii
263 3629 369 3681 mtrem,
378 3630 396 3675 l.
407 3634 431 3679 2.
443 3645 464 3679 c.
474 3626 512 3694 9.)
715 3630 718 3637 “

376 3723 399 3767 4.
418 3719 493 3775 Quem
503 3717 572 3775 dixi,·
588 3731 657 3780 quom
666 3713 720 3764 dixi
728 3730 737 3772 ,·
753 3714 813 3776 4444
823 3712 886 3769 dixi,
898 3719 944 3760 cet.

149 3796 293 3847 Ciceronem
301 3807 390 3848 tenere
399 3799 468 3862 pouit
478 3813 549 3861 supro
562 3798 656 3854 dictum
671 3800 789 3858 praeupml
802 3793 882 3842 dicere
898 3792 1039 3856 44444144,
1052 3805 1121 3854 qaum
1139 3796 1202 3852 dlxi,

112 3863 176 3924 4444
187 3862 240 3912 nsi
256 3871 302 3912 444.
338 3865 391 3915 Cic.
402 3865 420 3911 l.
430 3869 455 3913 6.
468 3865 536 3914 Fam.
546 3879 582 3926 ep.
592 3866 631 3911 11.
653 3860 719 3909 11144
728 3861 838 3915 alterum,
850 3859 912 3922 quod
923 3857 981 3919 dixi,
996 3857 1117 3907 literarum
1127 3872 1204 3920 genus
1256 3917 1258 3920 ι

111 3926 223 3989 quotidie
232 3927 289 3977 mili
299 3929 341 3978 iet
348 3928 485 3994 proclivius.
502 3929 675 3990 1414443.
691 3923 958 3988 &omnimodaque
969 3921 1028 3979 dixi,
1037 3921 1203 3985 incommodis,
1241 3947 1244 3952 ·

112 3990 173 4042 nillil
185 3993 334 4044 tolerabilius
344 3993 427 4044 exilio.
442 3993 559 4058 Exempla
569 3994 673 4057 reperies
682 3989 785 4046 infinita.
1171 4017 1176 4021 -

552 4094 576 4138 4.
595 4089 645 4145 Qut
656 4105 697 4153 pro
708 4087 770 4153 quis.

148 4169 198 4225 Qui
213 4169 266 4223 eina
278 4170 463 4235 interrogatione
479 4187 507 4222 ac
522 4170 669 4220 dubitatione
680 4167 787 4219 adhiberi
803 4167 940 4232 plerumque
951 4164 1020 4215 solet.
1053 4166 1104 4217 cta.
1114 4167 1131 4216 l.
1142 4171 1165 4216 1.
1174 4170 1204 4219 de

115 4234 171 4300 Off.
181 4251 206 4286 4.
216 4239 255 4286 12.
273 4235 334 4288 Calo
345 4244 417 4301 negat
423 4237 465 4302 jus
476 4252 535 4296 esee,
545 4237 585 4302 qui
595 4237 664 4285 miles
675 4250 723 4285 444
729 4235 771 4292 sit.
779 4247 888 4301 pugnare
898 4233 1051 4284 cunnum:
1073 4231 1219 4282 144214.-

95 4299 167 4374 imp.
178 4315 198 4348 c.
211 4304 235 4346 4.
250 4299 311 4348 Misi
317 4316 363 4364 pro
373 4301 486 4364 amicitia,
498 4301 541 4370 qui
552 4304 598 4356 hoc
610 4301 713 4355 diceret.
746 4296 1048 4499 Efflmwm
1056 4294 1145 4344 dunis.
