2670 4636
112 269 174 333 aaa
439 259 612 322 nonam
639 257 884 322 mmmmm
1168 259 1224 337 [m

112 411 140 461 in
157 417 253 460 autre·
270 407 575 472 anninpeunnaeeret3
600 403 762 455 ricitemnot
775 403 1225 475 ωο11ιὶῳοι,ᾳιιοι111ιιιιοῇυιικ

106 475 329 539 interpellarentur·
365 474 479 525 νηί.
494 473 674 523 blacta.
698 470 734 519 Ut
743 471 796 522 illic
811 473 848 531 iit,
866 475 902 523 eie
922 474 963 522 bic
978 472 1039 523 bem
1060 469 1182 521 acciderit
1200 468 1224 516 in

104 540 226 609 ,arnae

538 635 553 665 ³
565 639 589 684 7.
610 636 799 687 lle-similiter.

150 720 203 770 Cir.
216 720 291 768 Brut.
302 735 324 766 c.
335 722 376 767 ta.
394 717 430 766 Ut
445 715 548 764 Craarut
561 717 594 764 ab
606 717 762 766 adolescente
777 716 890 774 delicato,
901 717 944 780 qui
959 717 985 764 in
1002 717 1084 765 littore
1102 715 1224 762 ambulans

107 785 233 861 ἔφη
247 783 388 848 reperisset.
398 784 430 833 ob
440 797 543 846 eamque
560 797 612 830 rem
623 782 742 859 adiicere
760 797 848 857 navem
861 783 1052 858 concupivisset,
1067 795 1167 856 atomus
1176 788 1225 839 eet3

114 850 225 898 similiter
231 849 364 898 Scaevolam
375 863 406 896 ex
420 863 467 895 uno
476 848 566 895 scalmo
576 854 695 910 captionis
706 847 878 896 centumvirale
884 847 1003 912 judicium
1015 845 1159 897 heredium
1168 845 1224 893 etie-

115 914 188 965 ciase.
222 913 604 964 lu.1.a.uanr.Deor.c.1a.
625 912 668 969 Ut,
679 914 701 960 si
717 912 795 960 omnia
809 928 866 960 cera
881 911 1058 961 commutabilia
1073 916 1149 966 earet,
1166 909 1224 957 nibil

113 986 180 1029 enat
191 983 297 1036 cereum,
307 977 374 1044 quod
383 976 525 1027 commutari
541 991 591 1025 non
599 984 698 1041 poenet3
714 976 826 1025 similiter
843 977 924 1039 igitur,
943 979 966 1026 ti
984 976 1076 1032 omnia,
1086 990 1142 1039 qna
1161 983 1223 1029 eunt,

113 1058 149 1121 e'x
166 1045 254 1109 quibua
265 1056 363 1120 cuncta·
370 1050 491 1100 constant,
508 1041 635 1090 mutabilia
644 1043 825 1157 ιιιιιιῖςὴιιξέθῗ
835 1057 922 1158 metu:
922 1057 988 1156 guent
989 1050 1088 1154 J'mffb
1088 1056 1146 1155 311¹
1144 1049 1223 1153 Εἴ

103 1108 669 1238 ,ἓῗηιυξωηᾚιὶᾓέἕῶξξκξῖωἳὲιξέ
686 1173 780 1221 animun
795 1172 929 1223 intentione
941 1166 987 1224 rua.
999 1123 1105 1235 drggellit
1119 1185 1221 1234 prensum

105 1254 212 1303 ¹canitiem
222 1241 365 1304 ponderum,
373 1238 516 1287 remissione
527 1245 608 1286 autem
619 1238 655 1286 aio
666 1246 773 1300 urgetur,
783 1245 812 1285 ut
820 1252 847 1286 aa
856 1246 963 1302 nequeat
971 1239 1102 1287 extollere.

373 1335 388 1366 ⁶
398 1339 422 1385 8.
446 1336 548 1386 Ut-rir
557 1341 659 1392 rauba:
674 1335 770 1386 at-ric
780 1351 812 1386 rx
821 1335 951 1385 contrario.
990 1354 994 1363 ·

152 1419 205 1468 cte.
216 1419 234 1466 l.
246 1423 269 1467 ὅ.
282 1419 351 1467 Tuto.
362 1433 385 1466 c.
394 1421 419 1466 6.
439 1417 475 1466 Ut
485 1417 512 1465 hi
522 1415 613 1473 miseri,
624 1416 660 1464 aio
671 1424 753 1465 contra
761 1417 799 1465 illi
807 1417 879 1474 beati,
890 1431 951 1480 quoa
961 1416 1023 1465 nulli
1034 1423 1116 1464 metue
1127 1421 1220 1462 terrent.

119 1483 182 1532 Gna.
194 1483 212 1531 l.
222 1490 247 1534 7.
265 1484 300 1532 Β.
313 1484 345 1531 G.
363 1499 387 1533 c.
396 1484 438 1532 88.
449 1483 464 1546 b
475 1485 500 1530 8.
522 1480 558 1530 Ut
574 1482 722 1546 reliquorum
736 1483 903 1545 imperatomm
917 1496 956 1530 ree
972 1481 1080 1529 adversar
1098 1479 1220 1528 auctorita·

103 1549 306 1662 ξιῐξωπιίιιιιιιιιις
321 1549 356 1597 nic
374 1547 446 1612 bujua
456 1563 485 1596 ex
499 1546 618 1596 contrado
632 1547 750 1612 digniter,
766 1547 918 1599 incommodo
927 1557 1037 1612 accepto,
1047 1547 1075 1595 in
1085 1546 1140 1594 dien
1153 1559 1220 1608 auge·

417 1710 433 1741 ¹⁸
443 1714 468 1760 9.
485 1711 536 1760 Icto
547 1711 690 1769 modo-ut,-
701 1712 782 1761 erdem
791 1713 928 1761 mede-ut.

149 1790 256 1840 Nonnun
275 1806 332 1841 uam
341 1796 369 1842 ut
378 1791 488 1856 nequitur
497 1791 614 1840 ablativos
623 1793 669 1841 itte
680 1793 757 1848 cado,
773 1800 799 1840 et
808 1793 888 1841 eodem
898 1793 975 1842 nudo.
993 1792 1047 1841 Gir.
1059 1791 1077 1840 l.
1087 1796 1112 1841 1.
1120 1790 1150 1841 dr
1162 1789 1219 1839 Nol.

104 1856 155 1906 Ἥ.
165 1872 187 1904 c.
195 1861 236 1906 21.
279 1873 311 1904 on
326 1857 378 1913 ille,
389 1866 416 1905 ut
433 1856 551 1921 plerique,
562 1855 606 1904 red
616 1857 663 1905 isto
678 1857 759 1914 modo,
776 1864 803 1905 ut
818 1864 854 1914 tu,
873 1856 996 1917 distincte,
1010 1856 1127 1920 graviter,
1140 1860 1220 1905 ornata

114 1920 221 1969 dicebat.
254 1923 348 1972 ldemd
362 1923 431 1972 Verr.
444 1937 465 1970 c.
478 1926 518 1971 12.
536 1921 621 1979 Quid?
642 1921 689 1970 Illa
704 1922 813 1970 Attalica
822 1922 851 1969 ab
863 1922 950 1971 eodem
960 1920 1025 1970 Heio
1036 1922 1222 1988 peripetasmata

116 1999 198 2035 emere
220 1986 307 2035 oblitus
317 1987 361 2035 ea?
388 1986 458 2036 licuit
468 1987 554 2034 eodem
564 1986 644 2042 modo,
656 1995 684 2034 ut
695 1987 770 2052 signa.
788 1988 828 2036 Id.
841 1991 871 2036 lt
888 1988 995 2052 Philipp.
1008 2003 1030 2034 c.
1043 1991 1085 2036 11.
1103 1983 1220 2034 Nimirum

115 2050 204 2100 eodem
214 2053 286 2100 modo
304 2053 355 2100 baec
365 2052 480 2115 aspicitis,
490 2059 520 2100 ut
529 2052 615 2114 priora.
649 2052 664 2082 '
674 2052 730 2101 Huc
744 2051 806 2101 relat
816 2052 876 2100 illud
889 2055 945 2104 Cat.
955 2069 977 2102 c.
987 2055 1030 2103 42.
1059 2051 1103 2100 Ad
1120 2049 1221 2098 eundem

115 2117 217 2166 modum
230 2117 313 2175 facito,
325 2117 362 2167 uti
371 2119 505 2180 placentam
517 2117 569 2165 aine
580 2117 662 2166 malle.

405 2215 433 2256 .“
445 2218 485 2263 1⁰.
507 2215 571 2264 Utri
578 2230 588 2273 ;
605 2230 662 2264 rara
672 2214 845 2278 cambajum
854 2215 922 2276 ntis.

152 2294 236 2344 Liviae
247 2295 265 2342 l.
276 2297 317 2345 22.
328 2311 350 2345 c.
362 2299 403 2345 111).
426 2295 499 2343 Ferro
515 2303 587 2359 atque
604 2295 703 2344 audacia
717 2297 757 2343 ria
771 2297 806 2353 fit,
822 2296 930 2360 quamvis
940 2311 984 2360 per
994 2295 1117 2344 consertos
1126 2297 1221 2343 boetem

115 2375 197 2409 cuneo
211 2360 310 2422 quidem
324 2361 372 2409 hoe
389 2359 469 2407 laxum
485 2368 558 2423 atque
572 2360 677 2408 solutum
694 2374 789 2424 agmen,
803 2362 865 2409 utri
880 2362 942 2409 nibil
955 2362 1044 2418 obstet,
1060 2360 1221 2408 transibimus.

103 2480 108 2489 .
121 2425 175 2476 ce.
186 2425 204 2474 l.
214 2429 240 2475 4.
254 2425 323 2475 ibaar.
335 2441 357 2474 c.
367 2428 409 2474 24.
424 2425 505 2488 Scipio
519 2426 636 2488 privatur,
648 2432 676 2472 ut
684 2427 705 2473 ai
715 2427 801 2474 connul
810 2433 883 2484 ercet,
893 2426 936 2491 qui
944 2426 1120 2490 rempublicam
1131 2427 1221 2475 calvam

106 2506 174 2561 ‘aare
189 2490 314 2548 velletne
331 2491 399 2554 sequi
411 2488 493 2553 jumit.
510 2491 590 2554 Nepet
607 2491 682 2541 Dina.
701 2507 724 2540 o.
734 2495 759 2541 9.
782 2491 923 2541 Callicraten
936 2491 1071 2541 Philocrati
1092 2490 1160 2539 fratri
1181 2504 1222 2537 suc

118 2556 240 2604 triremem
257 2556 338 2611 tradit,
356 2571 458 2619 eamque
473 2555 501 2602 in
517 2563 589 2620 portu
606 2555 692 2618 agitari
704 2556 785 2620 jubet,
802 2564 830 2604 ut
847 2557 870 2604 si
889 2571 1003 2605 exercere
1017 2557 1124 2619 remiges
1140 2555 1222 2602 vellet.

120 2622 160 2670 Id.
174 2622 276 2670 Timetlt·
290 2639 313 2670 c.
329 2625 353 2670 b.
369 2622 424 2678 Ille,
435 2623 625 2669 temerationem
633 2621 736 2678 ratione,
746 2636 795 2668 non
805 2621 879 2670 cessit
887 2622 1001 2686 majorum
1011 2631 1070 2670 natu
1078 2620 1224 2682 auctoritati,

104 2694 154 2756 ⁴et,
166 2694 193 2735 ut
209 2685 268 2735 aiio
279 2701 322 2735 aua
330 2701 404 2735 manu
414 2693 479 2735 earet
487 2685 593 2748 fortuna,
604 2701 652 2749 quo
663 2686 827 2743 contenderat,
837 2688 958 2750 pervenit.

521 2787 562 2832 11.
582 2784 624 2839 Ut,
636 2798 680 2846 pro
691 2783 713 2832 ri
723 2788 821 2848 speclea.

107 2880 110 2885 ·
156 2864 191 2913 Ut
209 2879 273 2929 sape
290 2863 317 2912 in
331 2864 508 2927 comparatione
519 2871 644 2926 usurpatur
662 2877 704 2927 pro
714 2865 736 2914 ri
746 2869 845 2927 apertar-
861 2865 913 2914 Gir.
926 2863 1001 2913 Brut.
1012 2879 1034 2912 c.
1048 2867 1089 2912 10.
1113 2863 1222 2912 Themis-

106 2927 206 2984 ¹toclea,
225 2939 253 2976 ut
272 2928 338 2993 apud
357 2943 411 2984 noa,
429 2928 596 2993 perantiquus,
618 2935 645 2976 ut
667 2928 733 2992 apud
756 2929 924 2985 Atheniensem
946 2944 995 2976 non
1014 2928 1050 2977 ita
1065 2944 1124 2977 saun
1144 2938 1222 2978 velue.

118 2994 297 3052 'Tbemiatorlea
314 2994 442 3056 meaning
456 2999 480 3042 to
492 2995 531 3053 tlte
550 2993 644 3042 Romen
659 2995 723 3051 date,
744 3010 820 3044 wara
837 3010 921 3059 perenn
936 2994 964 3055 of
984 3000 1073 3043 remote
1091 2995 1221 3058 antiquita,

122 3059 163 3108 but
173 3061 302 3121 according
312 3067 336 3109 to
347 3061 401 3109 rant
410 3060 438 3122 os
444 3059 483 3108 tlte
494 3058 639 3114 Athenione,
655 3061 741 3108 olmort
756 3075 772 3108 o
782 3061 886 3110 modern.
901 3060 941 3109 Id.
956 3059 1015 3108 ibid.
1032 3058 1068 3107 Ut
1078 3060 1166 3123 populi
1174 3056 1222 3106 Ro·

121 3124 187 3171 mani
202 3131 260 3173 atae
272 3132 318 3180 est,
332 3140 418 3182 eenea;
443 3131 472 3171 ut
480 3123 666 3171 Atheniensium
684 3124 767 3172 secula
783 3117 943 3186 mimerantur,
953 3124 1121 3173 adolescentes
1135 3124 1224 3172 debent

118 3188 204 3237 videri.
221 3190 261 3238 Id.
272 3191 302 3238 de
311 3190 405 3240 Seaect.
416 3205 438 3236 c.
449 3194 473 3237 4.
491 3188 578 3236 Mulie
588 3188 660 3236 etiam
671 3189 711 3253 (ut
720 3188 746 3236 in
755 3189 850 3238 bomine
861 3187 985 3252 Romano)
995 3188 1080 3237 literae.
1097 3190 1137 3238 Id.
1150 3191 1222 3238 Brut.

121 3268 144 3302 e.
156 3257 197 3305 28.
223 3253 282 3302 Erat
291 3270 344 3303 cum
354 3253 430 3303 literis
438 3253 541 3318 Latinis,
551 3261 603 3302 tum
616 3253 688 3302 etiam
700 3253 802 3312 Graccis,
818 3263 846 3303 ut
856 3255 1001 3320 temporibus
1010 3253 1069 3310 illis,
1080 3253 1198 3303 emditua.

557 3384 581 3415 α.
602 3367 779 3416 Utinmow

159 3448 194 3496 Ul
211 3447 237 3496 in
253 3445 325 3495 malit
340 3444 448 3494 indidem
466 3453 512 3502 etl,
528 3461 571 3509 pro
588 3449 714 3512 aiapecter
731 3452 803 3498 muln.
838 3449 889 3498 Cic.
907 3450 925 3497 l.
936 3453 976 3499 12.
988 3449 1058 3499 Fam.
1074 3464 1112 3512 ep.
1124 3452 1149 3497 2.
1166 3448 1222 3497 Νοιι

108 3513 193 3569 nihil,
205 3521 232 3560 ut
245 3511 270 3559 in
287 3511 361 3559 tantia
371 3512 450 3567 malis,
460 3520 498 3560 est
515 3514 655 3574 proiectum.
671 3529 699 3564 ct
709 3516 750 3564 llre
760 3516 807 3564 eall
820 3529 870 3564 war
882 3531 908 3564 ao
917 3518 1006 3576 grean
1022 3515 1176 3577 conddemag
1186 3515 1223 3564 tle

118 3583 207 3627 extent
222 3577 251 3637 of
258 3579 298 3627 tlte
314 3577 370 3625 evil.
401 3577 440 3625 ld.
460 3577 546 3633 Quint·
564 3578 607 3628 Fr·
622 3580 638 3626 1.
653 3587 678 3626 et
692 3595 729 3642 ep.
742 3583 765 3628 1.
787 3578 812 3626 Si
830 3579 996 3642 implacabiles
1013 3589 1069 3627 sunt
1084 3579 1222 3640 iracundie,

121 3650 265 3691 ruminaret
284 3641 420 3701 acerbitaa5
435 3641 473 3689 nin
494 3649 574 3691 autem
594 3644 737 3708 exorabiles,
753 3659 845 3693 summa
866 3645 959 3701 lenitas,
977 3660 1032 3708 quae
1049 3651 1143 3709 tamen,
1154 3658 1182 3693 ut
1198 3645 1221 3690 in

120 3709 201 3768 malis,
213 3707 339 3756 acerbitati
347 3707 514 3769 anteponenda
529 3714 574 3756 ert.

155 3774 187 3804 ”
199 3776 238 3821 12.
259 3774 293 3822 Ut
311 3788 353 3834 pro
370 3779 459 3835 utpote.
494 3773 599 3828 Quintil.
621 3773 675 3821 Nec
691 3775 776 3838 utique
793 3777 890 3831 danmo,
904 3782 932 3822 ut
947 3775 987 3838 qui
1004 3774 1108 3823 dixerim
1126 3788 1178 3822 esee
1197 3773 1221 3820 in

117 3839 230 3886 omnibus
240 3837 463 3901 utilitatiaaliquid.
505 3839 568 3888 Vau.
576 3838 594 3886 1.
603 3844 628 3890 2.
639 3841 711 3902 Eleg.
721 3857 743 3889 c.
754 3843 795 3890 28.
806 3841 893 3891 Linoc.
903 3841 921 3888 l.
932 3847 955 3890 o.
965 3854 990 3902 p.
1002 3845 1060 3890 3511.
1086 3839 1154 3904 Lege
1174 3839 1222 3896 Qut

119 3917 165 3967 pro
181 3920 207 3953 eo
217 3904 288 3967 quod,
298 3917 324 3965 p.
334 3906 411 3951 91.n.
420 3907 445 3952 9.
895 3929 898 3936 ›

525 4003 551 4057 ti.
571 4001 605 4050 Ut
615 4017 658 4065 pro
669 4008 750 4066 utpote
759 4003 809 4066 qui.

138 4106 141 4116 ·
158 4081 193 4130 Ut
203 4080 326 4143 eleganter
342 4088 470 4145 usurpatur
479 4096 523 4144 pro
537 4088 619 4146 utpote
628 4084 678 4147 qui.
714 4085 767 4135 Gir.
776 4086 802 4135 ia
812 4085 868 4134 Pt'a.
879 4100 901 4133 c.
912 4088 952 4133 25.
968 4082 1055 4150 Dices,
1065 4092 1094 4135 ut
1112 4103 1139 4135 es
1154 4087 1224 4135 homo

151 4293 165 4322 ³
181 4290 220 4356 Sic
229 4289 292 4341 illud
303 4290 356 4341 Cic.
372 4290 390 4339 1.
403 4295 444 4341 16.
454 4289 557 4355 ΛΜ).
569 4296 610 4345 18.
634 4293 705 4345 Utin
715 4295 854 4363 hujusmodi
863 4311 899 4347 re.
908 4303 934 4347 et
944 4295 992 4346 alia
1002 4297 1074 4362 plura
1083 4297 1180 4347 dmilia.
