2670 4636
111 197 174 262 roe
433 195 604 256 nouato
633 189 875 256 runsntttrtt
1112 192 1210 279 {su

263 358 266 367 ’
282 353 289 367 “
376 360 391 391 '
401 376 428 423 γ.
439 361 522 419 Dunu
539 360 616 411 rolliltt
624 358 826 422 r-irrteteujom,
836 358 940 421 reliam.

147 440 225 497 Cia?
240 443 309 494 Vetr.
318 457 341 491 c.
351 445 391 491 tt.
409 442 473 489 Dum
484 442 536 490 hore
553 450 668 504 aguntur;
684 442 775 490 interea
786 441 927 490 Cleomenes
942 439 992 504 jam
1007 441 1038 490 ad
1048 441 1130 490 Pelori
1140 441 1207 492 littus

108 517 259 576 pervenerat.
291 509 348 557 tto.
360 507 376 554 1.
387 510 427 556 91.
438 523 460 555 c.
471 511 495 555 7.
525 506 592 554 Dum
603 521 631 554 eo
642 506 745 555 Romani
755 515 839 570 parunt
849 507 1038 569 consultumque,
1047 508 1099 570 jum
1115 509 1207 571 Sagun-

111 585 162 628 tum
173 590 264 626 summa
273 573 297 620 ri
304 572 490 636 oppugnabatur.
502 573 571 620 tuille
580 573 619 621 tlte
629 573 735 621 ertorre
741 587 802 621 ruere
810 573 927 635 employed
936 574 961 620 in
971 574 1035 620 these
1041 573 1208 622 deliberatione

112 644 161 692 oud
167 645 321 706 properatost
333 653 459 709 moereres,
479 638 518 687 tlte
528 637 593 700 siege
606 637 635 698 of
642 638 777 700 Saguntum
788 651 837 686 roos
850 640 988 700 prosecuted
998 637 1059 686 roillr
1069 637 1109 686 tbe
1118 643 1207 689 1111111111

108 720 198 804 W
209 800 348 858 ’δ.1>1ι111,·
359 799 438 849 otior
444 798 605 856 ;—eortliorro,
618 800 656 846 vel
664 798 790 863 paulatim,
805 799 844 846 vel
855 804 958 863 repente,
976 798 1013 846 vel
1023 797 1110 848 subito.

146 884 212 933 Dum
226 881 345 930 interdum
362 878 499 944 adjunctum
518 880 592 928 hebet
608 882 725 936 continuo,
748 881 872 944 puulotr'm,
893 885 996 942 repente,
1014 881 1100 928 subito.
1124 881 1208 930 Puer.

113 947 229 997 Beeclrt'd.
240 950 264 995 8.
273 951 297 996 9.
304 949 344 995 95.
372 946 477 994 Primum
486 947 543 992 dum
552 945 643 992 inficias
654 945 798 1010 ireincoepit
807 944 870 992 lilio.
879 979 885 993 .
894 977 901 992 .
909 945 1021 992 continuo
1033 944 1155 1008 antiquum
1165 947 1207 994 ho-

107 1013 199 1076 spitem
210 1020 315 1059 nostrum
325 1010 370 1059 ribi
383 1010 549 1060 Mnesilochus
566 1009 699 1057 advocavit.
725 1010 780 1060 tto.
790 1011 807 1057 1.
818 1013 858 1058 99.
870 1024 892 1058 c.
904 1014 944 1058 311.
967 1009 1034 1057 Inter
1053 1010 1208 1074 pabulatores

110 1091 192 1142 pugna
207 1086 259 1124 ortu
275 1085 320 1133 est,
336 1075 490 1139 quibusdum
504 1075 613 1137 utrinque
625 1073 764 1122 subuenitur
779 1090 794 1122 11
812 1074 903 1129 castris,
913 1075 1026 1138 paulatim
1037 1090 1120 1122 omnes
1131 1076 1207 1138 eoplae

110 1143 136 1191 iu
148 1143 224 1190 aciem
234 1141 327 1190 eductae
337 1149 400 1188 sunt.
432 1141 471 1190 111.
482 1141 500 1187 1.
509 1143 549 1188 99.
560 1156 581 1188 c.
589 1143 613 1188 9.
635 1139 701 1186 Dum
710 1139 839 1203 spoliandis
848 1139 878 1198 iis
888 1146 982 1202 tempus
994 1140 1086 1196 teritur,
1105 1149 1207 1202 repente
1224 1183 1227 1188 .

112 1207 199 1255 milites
209 1206 300 1255 feroces
313 1207 404 1253 recenti
416 1204 513 1253 victoria
520 1219 552 1252 ex
562 1204 670 1252 omnibus
681 1206 740 1252 locis
754 1211 928 1252 concurrerunt
953 1205 1052 1254 Sueten.
1062 1204 1089 1253 iu
1101 1204 1207 1266 August.

110 1288 134 1320 c.
143 1276 185 1320 99.
204 1271 270 1319 Dum
278 1271 432 1318 advenientes
442 1269 472 1316 nb
483 1270 539 1317 urbe
551 1269 581 1316 de
591 1267 666 1319 Drusi
674 1268 723 1316 filis
733 1285 796 1332 egre
802 1269 970 1332 interrogabat,
978 1277 1078 1332 repente
1085 1270 1110 1319 iu
1119 1271 1208 1318 osculis

109 1336 185 1386 Liviae
195 1336 293 1384 defecit.
317 1336 390 1386 ctel.
401 1339 426 1384 6.
434 1333 531 1397 Attep.
539 1338 564 1383 6.
582 1333 634 1396 Ego
644 1334 701 1381 dum
720 1334 746 1384 ‘ut
765 1334 884 1399 provincia
898 1334 1006 1382 omuibus
1016 1337 1087 1383 rebus
1099 1334 1206 1400 Appium

111 1415 178 1458 orno,
189 1402 268 1450 subito
279 1417 331 1449 sum
342 1399 419 1450 lectur
430 1401 571 1448 accusatoris
582 1401 633 1462 ejus
644 1413 717 1449 socer.

431 1512 446 1543 '
458 1531 478 1562 ε.
491 1513 624 1563 Dum-tic
635 1512 746 1576 pessime
762 1519 825 1560 nolae
841 1519 887 1563 est.

144 1596 236 1647 M‘ttttrl.
253 1594 324 1648 Felix
338 1597 421 1645 Oetae.
447 1594 514 1642 Dum
529 1594 580 1642 fieri
599 1595 687 1642 malunt
701 1593 774 1643 alieni
784 1594 868 1642 erroris
878 1593 992 1651 accessio,
1011 1582 1083 1659 quum
1098 1595 1146 1644 sibi
1156 1611 1206 1644 cre-

107 1659 183 1711 'derer
199 1661 256 1709 dum
272 1661 332 1711 nihil
348 1671 378 1710 ex
394 1659 443 1719 his,
456 1674 510 1721 qum
521 1659 721 1722 timent‚uorunt;
740 1661 774 1708 sic
784 1659 809 1706 iu
820 1675 878 1707 euro
887 1667 912 1707 et
923 1668 1019 1724 urgento
1034 1660 1135 1709 avaritie
1151 1677 1207 1710 con·

112 1734 203 1777 secrato
212 1732 258 1775 eet.

441 1822 445 1834 '
462 1820 477 1853 “
489 1827 513 1872 7.
525 1823 591 1872 Dum
601 1821 734 1870 redundare
743 1821 850 1896 'videtne

108 1899 112 1907 ’
144 1904 177 1934 '⁸
188 1906 222 1954 D.
233 1903 263 1954 P.
279 1903 344 1953 Dum
353 1909 382 1950 ut
390 1920 427 1951 πω
437 1902 500 1966 apud
513 1901 618 1958 Grecos,
629 1903 744 1949 cornicum
753 1910 791 1950 est
800 1900 917 1965 παρέλκον
926 1903 953 1950 in
961 1904 1037 1952 verbis
1048 1905 1205 1954 maximeim·

110 1969 231 2032 perutivis,
247 1976 272 2015 et
285 1968 401 2016 adverbiis
415 1967 568 2031 quibusdum,
584 1974 656 2029 utque
671 1967 858 2030 pronominibus.
893 1969 1027 2017 Terentio
1044 1969 1135 2018 Heuut.
1151 1976 1174 2018 3.
1184 1974 1207 2018 9.

112 2034 194 2082 Facito
203 2032 268 2081 dum.
281 2032 394 2082 Plautio
407 2033 474 2081 Poetr.
487 2032 597 2079 Memora
610 2032 675 2078 dum.
703 2033 771 2080 ltere
781 2033 838 2080 dum
847 2035 912 2097 apud
928 2033 1025 2080 Poetotn
1037 2035 1162 2098 antiquum
1180 2035 1205 2082 in

111 2099 211 2148 Lucullo
224 2098 302 2147 Cicer.
319 2113 341 2146 c.
354 2100 395 2147 at.
407 2105 469 2145 extr.
491 2096 560 2144 Tollo
574 2103 629 2143 sunt
647 2098 689 2146 else
709 2098 772 2153 dam,
790 2097 863 2148 etiam
883 2101 949 2161 dum,
967 2113 1011 2161 ego
1021 2101 1085 2156 dum,
1103 2105 1131 2149 tu
1141 2102 1205 2149 1111111.

112 2164 210 2213 Fubrr’e.
221 2163 251 2210 nd
265 2163 358 2213 Terent·
368 2176 393 2224 p.
404 2167 445 2212 to.
458 2161 525 2210 Cels.
536 2160 567 2208 ad
578 2160 651 2224 Apul.
662 2177 686 2225 p.
698 2163 754 2211 tto.

312 2275 390 2340 (Dum
399 2290 443 2340 pro
450 2291 502 2325 eum
511 2276 549 2323 vel
558 2278 619 2338 quod
627 2275 679 2323 sine
690 2274 862 2338 significatione
874 2276 995 2340 temporis.

107 2340 109 2343 ⁵
143 2356 223 2406 Valde
234 2355 345 2406 usitatum
356 2365 393 2405 est
402 2357 474 2420 vulgo
490 2357 631 2419 scriptorum
647 2359 701 2405 dum
715 2371 803 2421 ponere
814 2372 857 2420 pro
868 2373 930 2413 cum,
942 2358 1017 2406 veluti
1027 2362 1083 2408 dum
1092 2363 1206 2419 modest,-

112 2422 182 2472 roltile
197 2423 253 2486 tbey
264 2423 351 2472 believe
357 2438 367 2480 ,·
384 2437 427 2486 pro
438 2424 499 2486 quod
508 2425 614 2479 credam,
632 2423 671 2469 vel
681 2437 733 2470 eum
744 2424 850 2481 eredunt,
868 2423 933 2486 quod
944 2431 981 2472 est
997 2424 1120 2482 vitiosum,
1131 2426 1205 2490 inpri-

113 2487 205 2551 misque
213 2486 366 2551 cavendum.)

537 2606 648 2683 creor
678 2591 780 2683 txrtr.⁴

440 2733 490 2794 De
503 2731 652 2794 Aduerbio
671 2733 876 2792 Dounaxon.

144 2850 168 2896 1.
180 2864 203 2896 u.
210 2845 361 2894 Duursxrr
371 2845 501 2910 sepissime
510 2844 612 2910 Anglice
619 2845 678 2911 verti
687 2853 776 2910 potest,
782 2846 845 2912 only,
854 2847 949 2910 nterely,
960 2853 986 2894 et
995 2847 1060 2896 valet
1069 2847 1135 2897 idem
1143 2851 1207 2914 quod

111 2911 223 2961 Latinum
234 2916 335 2968 tertium,
345 2912 494 2975 solummodo,
504 2913 587 2960 tolum.
615 2911 668 2960 cte.
680 2914 752 2962 Brut.
761 2927 796 2976 ep·
807 2917 830 2961 3.
857 2911 974 2960 Consules
984 2911 1052 2970 duos,
1065 2911 1143 2962 bonos
1153 2916 1206 2980 qui-

112 2977 177 3032 dem,
186 2976 229 3024 sed
239 2975 355 3023 dunuxat
364 2978 447 3034 bonos,
464 2976 593 3024 amisimus.
609 2976 649 3025 Id.
657 2977 674 3024 1.
684 2981 708 3026 9.
717 2979 747 3026 de
757 2978 827 3026 Oret.
838 2993 860 3026 c.
870 2981 911 3025 97.
922 2976 984 3025 Add.
994 2977 1044 3028 1.1.
1056 2980 1105 3035 Qu.
1116 2980 1161 3029 Fr.
1170 2996 1206 3045 ep.

112 3046 136 3090 l.
146 3051 171 3089 st
176 3041 248 3104 prof.
260 3041 384 3090 Peredox.

430 3143 456 3196 β.
473 3107 737 3202 Rettulerat-quidem,
753 3138 770 3186 i.
783 3153 805 3186 e.
823 3152 886 3187 vero.

146 3217 197 3267 cte.
207 3223 262 3280 poet
273 3221 326 3267 red.
335 3221 366 3267 ud
378 3219 448 3275 eutr.
459 3235 481 3266 c.
492 3223 517 3268 t.
544 3219 570 3266 is
580 3219 689 3267 inimicus
705 3219 790 3281 spiritu
805 3218 922 3267 danunt
937 3221 1049 3280 vivebut5
1067 3237 1094 3270 re
1108 3223 1206 3287 quidem

109 3283 172 3333 initu
181 3297 263 3330 omnes
272 3290 375 3331 mortuos
385 3283 524 3330 amandatus
533 3291 593 3331 erat.

357 3401 413 3445 911.
428 3396 556 3446 Dantuxot
567 3411 608 3458 pro
619 3401 689 3452 certe,
703 3396 803 3460 quidem,
815 3398 853 3446 vel
867 3398 955 3462 utique.

144 3479 272 3528 Duntoxet
280 3491 344 3540 saepe
351 3477 856 3540 punivideturprocerte,qrridem,·otleuel,
868 3485 893 3528 to
903 3482 955 3529 wit.
972 3482 1024 3530 Cle.
1032 3482 1049 3529 1.
1062 3487 1083 3531 1.
1094 3484 1124 3532 de
1136 3485 1207 3535 Oret.

108 3560 133 3592 e.
144 3547 185 3601 58.
203 3542 252 3592 Cur
263 3557 318 3605 ergo
335 3557 384 3590 non
401 3542 427 3589 iu
438 3542 493 3606 jure
503 3542 635 3591 civilitatis
643 3541 753 3592 instructi
769 3559 820 3592 essa
837 3546 954 3608 possimus
970 3546 1001 3593 ad
1019 3549 1063 3595 boe
1078 3547 1204 3609 duntaxat,

109 3623 141 3656 ne
148 3608 175 3657 in
185 3614 266 3656 nostra
275 3606 352 3670 patria
362 3607 512 3671 peregrinari,
525 3616 596 3671 utque
607 3608 704 3655 sdreuae
715 3623 777 3666 esse,
788 3610 915 3658 videamur.
931 3615 958 3659 ot
970 3612 1037 3668 leuet,
1047 3613 1132 3669 rosor.
1167 3616 1206 3664 ld.

110 3674 128 3721 1.
142 3677 182 3723 19.
194 3673 306 3736 Fam-ep.
317 3676 340 3722 1.
363 3673 456 3720 Melum
466 3673 582 3721 urbanum
590 3673 625 3720 itu
635 3689 792 3736 compressum
803 3682 849 3730 est,
867 3682 893 3722 ut
908 3675 1028 3723 videamur
1039 3691 1109 3724 otone
1115 3677 1165 3743 jum
1173 3679 1206 3727 ad

108 3745 205 3802 tempus
217 3737 299 3787 abillo
311 3735 424 3786 duntaxat
438 3738 598 3787 sordidissimo
610 3738 716 3800 periculo
725 3737 772 3787 tuti
780 3739 860 3788 loturi.
868 3745 895 3789 ut
904 3741 964 3788 111111
968 3739 1035 3799 seem
1046 3743 1096 3791 tlte
1106 3745 1206 3804 conge.

105 3800 150 3851 111.
162 3804 209 3851 19.
220 3803 275 3854 Arr.
285 3818 320 3865 ep.
332 3806 373 3851 18.
392 3803 507 3851 Attamen
516 3804 543 3851 in
553 3803 715 3865 oppressione,
723 3819 799 3851 sermo
810 3804 835 3851 in
846 3805 939 3853 circulis
950 3806 1066 3859 duntaxat
1075 3809 1136 3855 etin
1147 3825 1205 3857 con·

103 3867 178 3935 ,viriis
197 3875 234 3916 est
250 3869 354 3926 liberior,
369 3883 439 3931 quam
453 3866 507 3914 luit.
527 3874 554 3917 et
570 3869 629 3917 least
644 3873 669 3916 ot
686 3868 778 3932 private
793 3869 891 3930 parties,
902 3871 949 3919 und
965 3875 991 3918 ut
1009 3871 1131 3932 bouqueto.
1164 3875 1205 3923 Id.

108 3931 126 3979 l.
138 3938 162 3981 t.
176 3931 234 3982 Art.
244 3949 280 3996 ep.
293 3938 332 3984 to.
349 3933 427 3983 Valde
441 3947 480 3980 me
496 3932 599 3980 Atheneo
609 3932 765 3989 delectarunt,
776 3935 830 3980 urbs
839 3934 961 3990 duntaxat,
972 3942 998 3982 et
1008 3936 1069 3982 urbis
1080 3951 1204 3986 ornamen-

108 4003 168 4052 tum,
178 4004 204 4045 et
220 3997 340 4045 hominurn
352 4012 443 4046 amores
451 3999 475 4044 in
486 4005 520 4053 te,
531 3997 592 4044 etin
602 4012 647 4044 nos
656 3997 764 4060 quaedutn
775 3998 949 4047 benevolentia.
973 3998 1039 4047 Add.
1050 4000 1089 4049 Id.
1096 4005 1201 4065 proMt'l-

109 4077 133 4109 c.
139 4064 163 4110 9.
174 4071 200 4108 et
211 4063 294 4110 Geloi.
306 4069 330 4110 5.
340 4075 361 4111 c.
370 4064 431 4127 26.§
443 4067 467 4110 b.
479 4062 545 4112 Ptin.
555 4063 573 4108 1.
581 4066 621 4110 19.
629 4065 698 4110 c.ll.

141 4129 167 4183 β.
178 4125 264 4174 Iuliae
280 4127 452 4187 significatione
466 4128 584 4177 duntaxat
600 4141 662 4189 saepe
678 4125 776 4190 respicit
791 4129 880 4176 celeri.
915 4127 973 4176 Vid.
987 4129 1037 4178 Cic.
1048 4130 1174 4183 tleDt'ur'rt.
1186 4134 1203 4183 1.

101 4194 128 4238 2.
138 4208 159 4238 c.
169 4194 211 4240 43.
220 4199 246 4238 et
255 4193 288 4240 ad
296 4193 370 4240 Brut.
381 4208 417 4255 ep.
430 4197 468 4241 to.

113 4253 257 4317 (Addam
272 4255 398 4306 notionem
413 4258 615 4316 retulerimloeo,
627 4256 669 4307 ub'r
685 4257 779 4309 videtur
800 4257 905 4321 puditum
924 4273 969 4321 pru
987 4260 1086 4312 scilicet,
1101 4262 1204 4322 quidem,
