2670 4636
116 248 174 304 314
423 245 593 307 HORATll
614 245 855 309 Turranium
928 256 941 339 Ἰ
1092 251 1200 328 [eursu

116 392 195 449 erunt,
205 384 304 449 quamsi
315 400 344 433 ex
354 383 449 435 Ammo
460 388 584 437 misissem·
600 389 665 441 ibid.
676 390 694 439 1.
705 395 730 438 7.
740 406 777 454 ep.
786 394 811 441 3.
828 389 890 438 Exul
899 402 953 437 snm
960 403 1010 438 aon
1017 389 1203 439 iaoomrrrodiure

117 451 181 565 loopi
192 466 265 514 quam
274 450 294 498 ri
305 449 419 500 Rhodum
429 467 468 500 me
478 454 639 504 contulissem.
669 455 735 502 Add.
746 457 784 505 lt.
799 456 818 502 l.
828 458 869 504 11.
877 470 914 518 ep.
924 459 964 505 17.
980 464 1007 504 et
1019 455 1075 505 12.
1092 457 1122 505 de
1134 456 1203 505 Orat.

118 532 141 565 c·
184 548 192 563 .

153 581 230 629 ciel.
242 586 280 628 11.
292 579 347 628 Art.
358 595 393 643 ep.
405 585 445 630 13.
471 581 576 638 Quintus
591 584 647 631 mibi
661 599 706 648 per
721 583 803 632 literas
821 583 938 632 satisfecit
957 585 1032 631 rnnlto
1050 583 1203 647 asperionbas

22 656 24 661 ’
117 646 346 709 verbis,quomcum
358 645 495 706 gravisrime
505 649 638 697 accusabat.
670 650 710 697 1d.
717 664 762 711 pro
775 649 834 697 Goel.
845 663 868 695 o.
878 653 918 698 27.
935 648 1099 696 Pomenmtrre
1108 648 1204 696 meliore

117 709 347 823 timpprqprosillipe
358 725 431 772 quam
440 726 495 759 cum
504 711 611 760 Licinius
624 713 747 761 venisset?
779 711 846 760 Add.
858 712 897 762 ld.
906 713 925 758 1.
934 717 959 762 2.
971 715 1001 763 de
1014 714 1088 762 Orot-
1097 728 1121 760 c.
1130 717 1173 762 74.
1182 719 1205 760 et

142 790 200 823 ro..
245 780 302 822 .c.‘
329 809 336 822 .
809 798 817 813 ·

529 859 569 905 30.
587 859 667 914 Quam
681 857 793 921 optantis.

152 935 203 984 cic.
214 935 232 982 l.
242 934 327 984 zrltt.
336 949 372 998 ep.
383 938 424 984 22.
440 934 519 992 Quam
528 936 614 983 vellem
626 936 711 985 Rome
719 937 848 985 mansisses
858 937 864 983 l
900 938 963 987 ibid.
974 938 992 986 l.
1004 941 1029 986 7.
1037 952 1076 1002 ep.
1087 941 1111 986 1.
1128 936 1204 994 Quam

117 1000 206 1048 vellem
216 1000 345 1048 etiamnum
355 1001 378 1047 in
389 999 512 1064 provincia
520 1001 614 1049 morari.
630 1002 682 1050 bow
691 1003 786 1065 greatly
796 1003 813 1051 1
816 1002 884 1050 eruto
892 1002 1029 1066 wirma!
1062 1002 1104 1051 Iri.
1114 1003 1143 1050 de
1152 1002 1205 1052 Fe.

117 1065 136 1111 l.
147 1072 173 1112 et
183 1080 206 1112 c.
216 1070 239 1114 3.
256 1065 336 1121 Quam
352 1065 448 1119 vellem,
465 1072 492 1113 ut
509 1072 533 1112 te
551 1066 583 1113 ad
600 1065 691 1115 Stoicos
707 1064 862 1114 inclinassee!
886 1067 937 1117 bore
955 1068 972 1115 1
981 1067 1051 1123 ont,
1070 1064 1205 1130 thome!

119 1128 131 1153 ⁴
143 1128 209 1176 Add.
219 1129 236 1177 1.
248 1133 272 1177 7.
283 1129 337 1178 att.
348 1145 383 1192 ep.
395 1133 419 1176 1.

511 1212 552 1258 37.
571 1210 650 1265 Quum
663 1188 808 1258 admirantis.

152 1289 204 1337 Cio.
220 1290 238 1336 l.
247 1293 271 1338 7.
282 1289 337 1338 Art
347 1305 384 1390 ep.
401 1295 425 1340 1.
449 1290 527 1346 Quam
548 1305 597 1337 norr
615 1298 652 1339 est
671 1290 748 1338 facilis
767 1291 854 1339 virtus!
873 1305 944 1354 quarn
961 1305 1019 1338 vero
1035 1289 1142 1337 difficilis
1155 1288 1206 1353 ejus

118 1351 228 1400 diuturna
235 1352 368 1402 simulatio.
394 1355 432 1403 ru.
442 1354 459 1404 1.
469 1361 493 1402 0.
504 1357 533 1404 tle
545 1356 602 1403 Fla.
614 1371 636 1403 c.
644 1360 684 1404 22.
702 1357 781 1412 Quam
791 1356 890 1418 cupiunt
899 1356 1000 1411 laudari,
1008 1361 1035 1400 ut
1042 1354 1119 1418 pudet
1130 1354 1204 1404 vinei!

119 1417 159 1466 ld.
171 1418 186 1464 l.
198 1424 222 1466 0.
230 1418 285 1468 Att.
295 1434 331 1482 ep.
342 1422 367 1466 2.
381 1420 463 1467 Orem
473 1419 602 1476 difficilem,
612 1421 731 1483 planeque
743 1420 871 1483 perditam!
890 1434 960 1483 quam
977 1420 1037 1468 nihil
1049 1419 1206 1483 praetermittis

117 1471 144 1528 in
155 1483 255 1531 consilio
264 1484 350 1541 dando,
361 1499 432 1548 quam
439 1492 519 1532 tamen
526 1485 595 1540 nihil,
602 1485 667 1549 quod
676 1485 719 1533 ribi
728 1485 776 1548 ipsi
788 1487 889 1550 placeat,
900 1484 1015 1549 explicas.
1030 1484 1045 1513 ⁸
1056 1483 1125 1532 Add.
1135 1484 1174 1533 Id.
1183 1484 1206 1531 in

121 1546 181 1596 Lael·
192 1564 214 1596 c·
225 1553 263 1598 16·
274 1555 299 1596 et
309 1549 326 1595 l·
335 1551 360 1597 9ο
368 1548 423 1597 Au·
433 1564 469 1611 ep·
481 1553 521 1599 Μ·
1132 1578 1135 1583 “

524 1645 536 1669 “
547 1650 589 1696 38.
605 1648 683 1703 Quum
693 1645 805 1694 dolentis.

152 1726 248 1776 Pereat.
263 1725 341 1775 Andr.
354 1729 377 1774 1.
394 1731 418 1774 1.
436 1727 515 1784 Quam
532 1726 616 1784 timeo,
634 1742 745 1790 quorsum
764 1727 860 1775 evadas.
887 1727 926 1776 Id.
939 1725 1031 1778 Heaut.
1042 1730 1067 1774 ὅ.
1077 1730 1103 1776 4.
1120 1725 1207 1774 Eheu!

118 1805 189 1855 quarn
198 1805 243 1852 ego
253 1806 318 1838 nnnc
328 1798 391 1838 totus
405 1791 520 1854 displiceo
530 1791 598 1840 mihi.
632 1793 850 1842 Id.Ptorm.1.1.
867 1791 947 1848 Quam
956 1791 1040 1856 inique
1050 1798 1208 1855 comparatum

118 1856 206 1984 ppelllri
218 1855 353 1981 qpqrpineqs
366 1854 464 1968 ¹⁹l'rpbent,
478 1863 504 1902 ut
521 1871 613 1918 semper
623 1855 714 1920 aliquid
726 1856 817 1904 addant
834 1855 990 1945 divitioribus.
1025 1856 1079 1906 cte.
1090 1857 1108 1904 l.
1119 1861 1144 1906 9.
1155 1856 1208 1906 Art.

398 2017 413 2046 '
425 2020 465 2066 30.
484 2018 561 2072 qum
574 2017 600 2065 in
609 2017 793 2079 interrogatione
803 2017 929 2065 rhetorica.

153 2099 266 2148 Cimbii.
278 2098 346 2146 Fom.
357 2112 393 2159 ep.
402 2101 441 2145 1⁵.
459 2096 526 2153 Quid
536 2098 599 2145 enim
611 2099 620 2145 l
637 2097 668 2146 ad
675 2098 795 2147 amicosne
806 2097 959 2160 confugiam?
975 2112 1046 2161 quarn
1055 2093 1211 2144 multisunt?

118 2163 185 2212 Add.
196 2163 211 2210 l.
222 2168 246 2211 0.
258 2163 355 2224 Artep
366 2162 411 2208 ult.
422 2168 448 2207 et
456 2177 498 2223 pro
510 2164 595 2218 Quint.
605 2178 627 2211 c.
638 2167 680 2211 26.
1041 2174 1044 2179 ’

503 2274 518 2304 *
529 2280 569 2324 40.
588 2275 720 2331 Quom—i
737 2283 829 2329 tumea..

152 2356 203 2405 cir.
211 2370 256 2420 pro
265 2356 343 2406 Floro.
353 2370 375 2402 c.
384 2352 409 2403 4.
444 2355 520 2410 Quam
536 2365 642 2418 promtus
653 2359 721 2405 bomo
732 2358 860 2422 Septimius
871 2358 880 2404 ἒ
897 2371 966 2420 quam
982 2356 1055 2404 iratur
1071 2355 1103 2404 de
1118 2314 1211 2418 jidloio

118 2429 144 2472 et
153 2423 183 2471 de
193 2419 292 2468 villico?
309 2428 388 2466 tamen
399 2419 531 2468 hesitabat.

479 2516 510 2547 *⁴
522 2521 564 2566 41.
583 2519 660 2573 Quom
671 2534 714 2580 pro
724 2507 852 2582 plrrtqrrum.

151 2599 182 2630 ‘³
192 2600 222 2649 P.
234 2599 322 2648 Florae
331 2599 348 2647 l.
359 2606 385 2645 et
395 2613 417 2645 c.
429 2602 454 2648 2.
469 2597 535 2645 Intra
545 2598 718 2660 sexagesimum
728 2599 801 2661 diem,
813 2613 884 2661 quam
894 2613 955 2645 caesa
965 2598 1027 2644 silva
1035 2597 1123 2649 luerat,
1134 2594 1210 2644 CLX.

119 2665 213 2714 nauium
223 2664 307 2713 elassis
316 2663 342 2710 in
353 2663 446 2710 ancoris
456 2662 531 2710 stetit.
561 2663 628 2711 Plio.
639 2663 656 2709 1.
666 2667 690 2709 6.
700 2679 736 2726 ep.
746 2666 787 2711 33.
806 2661 871 2709 Intra
887 2661 1000 2709 undecim
1011 2662 1072 2718 dies,
1086 2675 1158 2725 quam
1168 2660 1210 2708 ilie

121 2744 246 2779 novercam
258 2729 282 2776 ei
292 2742 371 2793 amore
381 2734 465 2791 captus
478 2727 610 2774 induxerat.
638 2727 703 2790 Lege
714 2728 783 2775 Post.

152 2795 167 2825 ⁴*
177 2795 242 2852 Quia
257 2799 353 2856 propter
370 2792 557 2854 propositionem
568 2791 643 2854 intra,
654 2807 706 2853 quae
721 2793 747 2839 in
760 2790 798 2838 his
812 2789 928 2853 exemplis
939 2796 985 2854 est,
1001 2789 1113 2837 dubitare
1123 2788 1210 2854 possis,

120 2861 208 2907 satisne
218 2866 282 2907 recte
293 2859 365 2905 etiam
374 2863 427 2920 post
439 2856 598 2919 intelligatur;
615 2856 712 2904 afferam
722 2854 839 2919 exempla,
850 2854 876 2902 in
890 2854 976 2917 quibus
986 2853 1131 2916 particulam
1141 2868 1210 2917 qaum

46 2941 53 2957 =
119 2926 187 2973 nulia
219 2921 323 2972 raecedat
339 2920 482 2986 praepositio,
499 2931 563 2969 certe
579 2936 629 2968 non
645 2921 719 2969 intro.
750 2921 804 2969 Lio.
815 2920 832 2966 l.
843 2923 867 2967 3.
885 2935 907 2968 o.
918 2925 942 2968 8.
958 2919 1071 2969 Valerius
1087 2918 1210 2967 Publicola

118 2991 190 3037 tertio
218 2989 240 3036 'e
251 3002 321 3051 quam
330 2987 489 3048 interregnum
500 2986 592 3042 inierat,
601 2986 711 3032 consules
720 2993 792 3034 creat.
826 2985 888 3033 ibid.
899 2999 920 3030 c.
932 2988 973 3035 33.
989 2982 1063 3031 Anno
1073 2982 1212 3032 trecentesi-

118 3070 159 3102 mo
167 3055 250 3116 altero,
259 3066 329 3116 qnam
340 3049 435 3098 condita
446 3049 526 3096 Roma
535 3057 595 3110 erat,
605 3047 690 3097 iterium
699 3052 803 3097 mutatur
808 3047 884 3097 forma
890 3047 1004 3096 civitatis.
1035 3048 1102 3096 Add.
1112 3047 1176 3097 Iar.
1187 3050 1212 3096 4.

120 3135 143 3167 c.
151 3122 175 3166 7.
188 3121 202 3182 §
213 3122 254 3166 47.
263 3117 313 3163 etl.
322 3119 362 3164 22.
374 3131 397 3162 c.
409 3119 449 3164 14.
464 3114 563 3164 Hirtiae
574 3116 608 3164 Β.
618 3114 675 3174 Afr.
686 3129 708 3162 c.
717 3118 759 3163 26.
771 3114 979 3178 1001012.οθ
989 3115 1061 3163 Orai-
1071 3117 1128 3163 (1.3.
1140 3113 1211 3163 Coit·

120 3182 184 3231 meil-
196 3183 213 3228 1.
223 3186 263 3229 12.
273 3197 294 3231 c.
306 3185 346 3229 25.
366 3177 445 3228 Vellei.
455 3178 472 3224 l.
484 3182 507 3229 l.
519 3195 541 3227 c.
552 3181 600 3243 2.§
613 3182 636 3226 1.

592 3271 741 3320 Admonin'o.

152 3355 182 3403 In
193 3355 233 3402 his
243 3354 352 3418 quadam
363 3360 417 3400 sunt
426 3353 559 3408 minutiora,
570 3273 678 3414 qluaedarn
688 3271 761 3399 etiarlr
770 3351 887 3400 inutiliter
896 3352 984 3400 tradita
993 3369 1000 3412 ;
1016 3352 1042 3399 in
1052 3352 1140 3416 quibus
1150 3352 1209 3402 seili-

122 3419 232 3468 cetnihil
242 3419 352 3482 estquod
363 3418 456 3481 proprie
468 3417 498 3465 ad
513 3415 653 3481 particulam
669 3431 738 3479 qaum
747 3416 876 3480 pertineat,
886 3429 928 3464 aut
945 3419 975 3466 ad
987 3417 1039 3481 ejue
1049 3418 1100 3466 virn
1110 3425 1135 3467 et
1144 3432 1208 3467 usum

120 3484 304 3550 intelligendum
315 3491 342 3531 ut
351 3498 376 3530 n.
386 3485 426 3532 31.
438 3497 492 3546 sqq.
524 3482 571 3530 Sed
582 3496 609 3530 ea
620 3481 701 3530 delere
715 3495 764 3528 non
774 3481 938 3530 sustinuimus.

544 3643 655 3692 CAPUT
688 3640 779 3691 CCVI.

430 3763 478 3821 De
492 3757 652 3817 Partioalo
663 3757 894 3825 Quanonaurr.

493 3891 517 3935 l.
535 3887 692 3944 Quamobrem
701 3901 753 3934 curn
764 3901 842 3935 orreo.

157 3970 413 4031 Gir.l.15.Fam.ep.
426 3972 450 4015 1.
461 3968 475 4030 q
487 3970 527 4014 11.
549 3967 707 4024 Quamobrem
717 3967 743 4013 in
752 3964 894 4030 provinciali
908 3964 1004 4011 delectu
1018 3977 1089 4026 spem
1104 3961 1211 4010 habeatis

27 4062 30 4066 ·
122 4035 315 4098 aliquam,cauea
323 4033 389 4081 nulls
397 4039 441 4080 eet.
475 4030 539 4080 idid.
551 4032 567 4078 l.
577 4036 602 4080 3.
613 4047 648 4094 ep·
658 4036 698 4080 10.
710 4033 757 4094 §L
774 4030 919 4080 Multamihi
928 4028 1054 4076 veniebant
1062 4027 1089 4074 in
1096 4034 1211 4084 mentem,

121 4099 350 4162 quamobremistum
357 4098 458 4144 laborem
466 4094 509 4142 tibi
517 4095 590 4143 etiam
595 4095 681 4143 honori
692 4103 799 4158 putarem
809 4097 868 4146 lore.
887 4096 925 4143 Sic
933 4096 990 4142 item
998 4099 1052 4156 post
1059 4092 1108 4140 alia
1115 4092 1212 4141 nomina

82 4197 87 4203 .
121 4163 227 4227 ponitur,
237 4178 280 4226 pro
292 4167 475 4225 propterquam,
486 4161 526 4207 vel
540 4163 707 4223 propterquod
717 4169 763 4208 etc.

64 4239 67 4247 '
148 4233 175 4279 2.
194 4228 351 4288 Quamobrem
361 4225 386 4273 in
395 4225 580 4288 interrogatione
588 4240 647 4272 uera
659 4240 723 4288 sepe
740 4232 874 4286 usurpatur:
893 4223 980 4285 eaepius
989 4223 1014 4269 in
1024 4221 1212 4285 interrogatione

106 4295 215 4365 obliqua.
253 4296 310 4349 Cic.
318 4293 335 4343 l.
348 4295 373 4343 3.
384 4293 409 4345 F
408 4308 456 4344 aaa.
466 4308 505 4357 ep.
514 4295 555 4342 10.
572 4290 641 4354 121.
657 4289 820 4348 Quamobrem
832 4302 884 4335 non
897 4287 1009 4334 debueris
1017 4286 1124 4339 ambare,
1136 4301 1214 4346 ponta
