2670 4636
108 253 167 311 aar
440 253 612 321 norrun
640 254 882 315 russanum
918 222 922 229 ’
1083 258 1200 336 [curu

306 401 320 429 ⁹
331 405 355 450 9.
374 401 451 456 Quasi
461 407 516 465 post
527 401 624 449 verbum
635 403 759 450 adanam
769 401 871 465 aliaque,
882 417 925 466 pro
936 403 1005 466 quad.

142 482 242 530 Sueten.
256 482 308 530 Tib.
325 498 347 530 c.
359 484 382 528 8.
400 480 595 529 Admonentibue
614 481 760 538 domesticis,
777 483 845 545 quasi
861 483 930 546 plura
950 483 1116 548 polliceretur,
1133 499 1204 546 quam

108 554 379 661 pppplsparpnppslseltqnqn
385 555 502 673 qpoqtqre,
512 546 555 602 ait,
564 561 700 609 quenquam
707 562 835 595 asermone
845 549 962 612 principis
971 549 1066 597 tristem
1072 548 1203 597 discedere.

527 729 565 773 to.
584 712 780 787 Quasiprofere.

142 806 263 854 Interdum
280 814 407 868 usurpatur
422 821 464 869 pro
478 806 541 868 fers.
587 807 659 854 Cic-l
678 807 814 855 Veranii.
830 807 922 872 Repeti
937 809 1017 856 erbis
1034 808 1105 870 quasi
1122 807 1202 855 decem

110 872 180 918 fiscos
190 872 221 918 ud
231 873 369 934 senatorem
379 871 448 918 illum
458 871 554 919 relictos
564 885 628 930 esse,
639 871 785 919 comitiorum
795 887 874 920 musa.
898 874 951 922 rant
961 873 1110 933 tendstlress
1120 873 1204 927 clerte,

112 951 139 984 ar
151 936 306 992 tltereubouta,
319 939 360 996 qs.
377 938 430 984 tltat
440 937 510 985 about
521 942 561 985 ten
572 935 601 992 ol
612 938 675 984 tltese
686 937 770 991 alesta
789 941 830 999 qu.
863 939 903 986 Id.
912 938 930 984 l.
940 941 965 985 2.
976 937 1055 987 dead.
1066 953 1090 987 c.
1101 942 1145 986 26.
1166 937 1205 985 Sol

110 1002 240 1060 quantulus
257 1001 325 1048 robis
339 1001 449 1048 videtur?
467 1000 523 1047 milri
540 1001 637 1062 quidem
653 1001 722 1063 quasi
739 1000 840 1064 pedalis.
855 1002 927 1050 clear
945 1003 1026 1062 usuot
1041 1003 1070 1050 in
1082 1002 1204 1051 diuma.

112 1066 126 1093 ‘⁸'
136 1064 201 1113 Add.
215 1067 308 1114 Terent.
318 1065 410 1114 Heaut.
423 1070 445 1112 1.
459 1069 481 1113 l.
493 1073 518 1112 et
530 1067 582 1113 Cic.
601 1066 672 1113 Orat.
684 1080 705 1112 c.
719 1069 756 1114 13.
781 1066 893 1129 (Sueten.
905 1069 958 1116 cat.
970 1083 992 1115 c.
1003 1066 1062 1130 68.)

558 1181 599 1226 ll.
614 1178 761 1226 Admonitio.

145 1260 222 1316 Quasi
238 1274 281 1322 pro
293 1259 359 1320 sere,
373 1274 426 1306 curn
442 1258 587 1305 contrahitur
603 1272 725 1314 numerus,
742 1259 854 1323 spatium,
870 1267 913 1308 aut
921 1259 989 1308 aliud
1004 1259 1135 1324 sjurrnodi,
1144 1259 1206 1322 apud

64 1352 73 1369 .
115 1326 250 1373 Ciceronem
261 1339 341 1371 rarum
351 1323 480 1370 admodum
491 1330 535 1370 est.
568 1322 626 1384 Ejus
641 1324 763 1386 iocosae,
768 1325 856 1388 sume,
866 1339 941 1387 praue,
950 1340 1032 1388 prope,
1042 1328 1206 1388 propenodu

111 1389 218 1453 usurpari
228 1389 314 1437 solent.
347 1388 405 1453 <Est
415 1388 441 1436 in
454 1388 535 1436 cecil.
545 1403 566 1436 c.
577 1389 601 1433 8.
614 1393 638 1433 et
648 1388 719 1437 Orat.
730 1404 752 1436 c.
763 1394 800 1439 13.
812 1391 874 1452 etc.)

469 1504 510 1551 12.
529 1503 605 1559 Quasi
616 1502 639 1549 in
651 1503 851 1552 translationibus.

147 1585 178 1616 ¹³*
195 1585 228 1634 D.
251 1586 328 1641 Quasi
345 1584 489 1648 metaphoris
506 1582 615 1640 inservit,
638 1583 744 1646 lenitque
762 1583 949 1635 translationem.
985 1585 1038 1634 cie.
1057 1584 1075 1632 l.
1094 1588 1119 1633 8.
1138 1586 1206 1634 Fara.

113 1668 149 1716 ep.
167 1654 192 1699 2.
216 1649 319 1698 Facilior
336 1649 382 1696 erit
396 1649 458 1696 mihi
473 1648 542 1712 quasi
560 1648 673 1695 decursus
691 1648 740 1695 mei
760 1649 881 1710 temporis.
914 1649 954 1697 Sic
972 1651 1039 1699 Ptin.
1056 1650 1075 1696 l.
1085 1655 1110 1699 8.
1119 1665 1156 1712 ep.
1170 1655 1205 1698 ro.

114 1716 192 1772 Quasi
201 1720 343 1764 testamenta
360 1727 480 1762 sucorum
498 1712 677 1775 appellatque
693 1727 750 1760 vera
765 1722 791 1760 et
803 1715 868 1779 justa
886 1715 1009 1778 appellare
1022 1729 1074 1761 non
1091 1714 1206 1771 licuisset,

114 1781 210 1830 Bucltn.
220 1779 253 1827 ibi
264 1796 269 1824 :
287 1788 312 1826 et
322 1779 395 1843 paulo
405 1785 474 1842 poste
491 1777 579 1831 Servis.
594 1778 681 1839 inquit.
695 1776 770 1840 Resp.
781 1781 899 1841 quaedam,
911 1786 937 1826 et
944 1779 1014 1844 quusi
1024 1778 1113 1827 civitas
1124 1781 1206 1828 domas

114 1853 160 1892 est.
188 1843 443 1892 reluctemur.
457 1844 635 1892 laetitae
649 1841 871 1906 Offic.9.etl.5.
884 1845 1049 1913 Famem-19.

441 1957 452 1980 ⁸
466 1962 504 2006 13.
523 1957 599 2012 Quasi
608 1956 704 2019 uliquis,
718 1957 758 2003 vel
769 1957 872 2018 quidam.

146 2042 231 2098 Quasi,
242 2056 317 2104 quum
334 2041 486 2102 metaphoras
502 2038 603 2095 emollit,
621 2052 685 2099 saepe
704 2037 843 2100 adjunctum
857 2039 1027 2102 habetaliqra's
1043 2039 1083 2086 rel
1100 2039 1208 2102 quidum

32 2134 35 2141 ι
116 2106 166 2154 Cic.
177 2122 219 2168 pro
229 2106 304 2154 Arcti.
317 2122 338 2153 c.
351 2110 373 2152 l.
390 2105 479 2152 Omnes
485 2111 557 2158 artes,
568 2118 621 2165 quae
633 2102 663 2149 ad
669 2103 842 2149 humanitatem
850 2103 980 2164 pertinent,
988 2103 1075 2151 habent
1083 2103 1209 2167 quoddam

112 2185 237 2217 commuue
247 2170 379 2223 vinculum,
390 2178 414 2217 et
424 2169 493 2231 quasi
503 2169 643 2231 cognatione
656 2167 759 2229 quadam
768 2168 830 2215 inter
841 2183 867 2216 se
877 2169 1038 2217 continentur.

536 2377 647 2426 CAPUT
671 2378 783 2428 CCXIV.

449 2512 498 2571 De
514 2509 662 2570 Aduerbio
676 2511 871 2578 Qusnnnus.
906 2555 908 2559 -

416 2661 438 2706 1.
456 2658 580 2712 Quatenus
590 2673 633 2719 pro
645 2660 676 2705 ud
687 2672 755 2720 quern
766 2658 900 2705 terminum.

146 2741 161 2769 ⁴⁸
171 2739 315 2797 Qusrauus
332 2737 427 2801 proprie
444 2737 474 2785 de
492 2738 546 2785 loco
562 2737 610 2784 dici
627 2738 736 2796 videtum
752 2738 789 2784 nti
805 2737 889 2785 Liuius
903 2736 1027 2799 usurpavit
1045 2737 1064 2784 l.
1074 2740 1117 2786 28.
1136 2753 1159 2784 c.
1170 2742 1208 2788 39.

97 2799 199 2860 'Italiae,
215 2804 262 2850 nisi
273 2810 390 2865 quatenus
407 2803 494 2849 vallum
505 2810 634 2850 castrorum
648 2802 731 2864 cingit,
742 2802 805 2849 nihil
821 2801 961 2864 reliqueritis
973 2801 1059 2848 Poeno.
1094 2802 1130 2849 Et
1141 2818 1209 2850 atax:

112 2868 253 2916 Petentihus
264 2867 409 2929 Saguntinis,
421 2874 448 2914 ut
463 2866 581 2929 quatenus
591 2876 643 2915 tuto
661 2875 768 2930 possent,
787 2867 880 2913 Italiam
891 2874 1028 2928 spectatum
1038 2866 1104 2914 irent
1111 2882 1120 2926 3
1138 2867 1208 2915 daces

114 2934 173 2992 dati,
186 2935 307 2995 literaeque
320 2948 361 2994 per
371 2931 461 2995 oppida
470 2932 558 2990 missae,
571 2940 599 2980 ut
609 2933 731 2995 Hispanos
742 2931 839 2979 comiter
848 2931 992 2994 acciperent.

539 3051 564 3094 2.
583 3047 707 3101 Quatenus
716 3045 810 3091 tralme.

124 3133 127 3138 '
149 3130 272 3184 Quatenus
282 3133 317 3173 est
328 3127 360 3174 ud
370 3140 437 3188 quern
453 3126 587 3174 terminum.
606 3125 653 3172 Cui
664 3125 791 3187 respondet
803 3129 908 3173 eatenus.
927 3125 979 3172 Cic·
989 3125 1018 3172 de
1036 3123 1120 3174 Amic.
1141 3141 1163 3173 c.
1173 3129 1211 3174 11.

115 3193 277 3248 Quamobrem
294 3191 318 3236 id
338 3190 582 3252 primumvideamus,
600 3197 719 3251 quatenus
736 3203 800 3235 amor
819 3188 844 3235 in
860 3187 966 3236 amicitia
984 3190 1099 3252 progredi
1118 3189 1209 3238 debeat·

113 3257 165 3304 horo
171 3255 225 3313 far,
236 3261 260 3303 to
270 3256 335 3303 sabat
346 3256 428 3314 length
439 3270 466 3303 or
475 3260 566 3303 extent.
599 3255 639 3301 Id.
652 3254 722 3302 Orat.
736 3271 757 3302 c.
768 3257 808 3302 22.
826 3253 855 3300 ln
873 3253 982 3300 omnibus
992 3252 1065 3300 rebus
1080 3255 1208 3302 ridendum

52 3338 56 3347 ·
114 3327 158 3375 est,
171 3327 304 3381 quatenus:
323 3318 369 3365 etsi
385 3317 448 3365 enirn
463 3335 518 3365 suus
536 3318 623 3381 cuique
639 3319 724 3364 modus
738 3324 785 3379 est,
802 3325 880 3364 tamen
895 3317 969 3380 magis
980 3317 1083 3364 offendit
1102 3319 1208 3374 nimium,

114 3400 187 3447 quam
198 3400 288 3445 parum.
322 3384 362 3431 Id.
373 3386 402 3431 de
413 3383 492 3432 Amic.
502 3399 524 3430 c.
536 3387 576 3431 17.
597 3383 642 3429 Est
654 3382 718 3430 enim
731 3388 848 3446 quatenus
860 3382 970 3430 amicitias
981 3380 1033 3428 dari
1043 3382 1119 3432 venia
1130 3384 1209 3448 possit.

114 3451 180 3499 tltere
192 3451 214 3497 is
224 3466 239 3497 u
249 3450 340 3498 certain
351 3449 423 3503 tinnit,
438 3464 469 3511 up
480 3453 503 3496 to
515 3448 600 3510 wlriclr,
611 3451 651 3511 trc-
798 3504 802 3513 Ι

58 3518 62 3525 ’
148 3520 172 3564 3.
189 3515 313 3562 Interdum
334 3513 432 3560 refertur
451 3513 481 3560 ad
500 3520 601 3575 ternpus.
629 3512 681 3560 ltow
699 3513 763 3575 long.
800 3512 851 3560 Cic·
862 3516 893 3561 14
910 3512 1018 3575 Philipp.
1037 3528 1061 3560 c.
1073 3518 1098 3561 5.
1118 3513 1208 3570 Quibus

115 3579 227 3644 auspiciis
237 3579 296 3627 istos
313 3579 391 3628 faeces
406 3578 491 3642 Augur
504 3577 651 3639 acciperem?
669 3585 787 3640 quatenus
807 3577 933 3624 haberem?
951 3576 990 3624 cui
1005 3576 1147 3632 traderem?
1163 3578 1209 3626 law

46 3661 54 3673 ·
115 3645 289 3709 longslrouldl
303 3643 451 3694 bnvctlremt

460 3764 485 3808 t.
499 3761 631 3814 Quatenus,
640 3772 681 3820 pro
692 3772 737 3820 qua
748 3773 779 3805 eu
786 3762 865 3820 purte.

148 3841 272 3890 Interdum
282 3845 407 3901 usurpatur
418 3855 461 3901 pro
472 3854 518 3901 qua
529 3844 641 3901 exparte.
674 3839 725 3885 Cic.
733 3837 749 3884 l.
762 3842 784 3885 l.
795 3839 864 3886 Fam.
875 3852 911 3900 ep.
923 3842 947 3886 2.
965 3836 1121 3885 Postulatum
1132 3845 1176 3895 est,
1186 3845 1210 3886 ut

117 3907 200 3954 Bibuli
212 3906 331 3955 sententia
342 3904 493 3951 divideretur.
510 3905 634 3960 Quatenus
645 3903 675 3949 de
686 3902 802 3964 religione
813 3903 917 3958 dicebat,
929 3900 1018 3949 Bibulo
1033 3917 1160 3952 assensum
1170 3915 1209 3951 est.

116 3973 192 4028 sofar
202 3988 229 4020 us
239 3973 259 4019 it
270 3971 360 4019 related
375 3975 398 4018 to
407 3972 497 4031 papiug
508 3969 635 4017 ‘obediente
649 3974 673 4016 to
690 3969 729 4016 tlte
740 3970 885 4017 declaration
900 3967 930 4026 os
940 3967 978 4015 tte
990 3966 1112 4029 Sibyllina
1131 3971 1211 4018 oracu.

117 4035 208 4081 ‘Add
222 4037 261 4083 Iel.
277 4036 294 4082 l.
312 4036 375 4082 2.de
389 4033 509 4096 Officss.
521 4034 640 4080 etl.3.c.
653 4037 693 4081 12.

150 4098 182 4126 ‘¹
194 4103 217 4146 ὅ.
228 4099 260 4145 Ι).
273 4100 396 4154 Quatenus
406 4113 449 4159 pro
458 4097 566 4159 quonium
577 4104 631 4159 post
644 4097 780 4146 Ciceronem
794 4095 843 4143 dici
854 4101 955 4159 coeptum
967 4103 1013 4143 est.
1047 4097 1156 4152 Quintil.
1166 4098 1211 4147 le.

115 4180 137 4211 c.
150 4167 173 4210 3.
200 4163 324 4217 Quatenus
333 4161 471 4217 incidimus,
482 4163 553 4222 paulo
571 4163 625 4223 plus
636 4161 665 4208 de
679 4161 767 4208 scholis
778 4173 882 4223 agemus.
916 4161 984 4209 Ptin.
994 4162 1011 4207 l.
1022 4165 1047 4209 3.
1058 4177 1094 4224 ep.
1106 4167 1131 4211 7.
1149 4162 1209 4220 Qua·

113 4236 186 4277 tenus
204 4234 308 4291 negatur
325 4225 394 4274 nobis
412 4225 455 4273 diu
470 4226 561 4282 uivere,
573 4226 734 4288 relinquamus
750 4225 849 4287 aliquid,
863 4240 910 4286 quo
926 4241 972 4273 noe
986 4225 1075 4275 vixisse
1092 4234 1212 4277 testemur.

110 4297 174 4348 Vult.
185 4294 203 4345 l.
215 4299 241 4346 2.
254 4295 328 4359 Eleg.
338 4311 361 4344 c.
373 4297 417 4344 tu.
436 4292 524 4344 Linus.
533 4293 553 4340 l.
565 4295 588 4340 l.
597 4306 626 4356 p.
635 4295 678 4340 ut.
695 4290 776 4353 lbdd.
786 4288 854 4336 Suet.
863 4291 951 4336 Claud.
959 4291 1049 4348 mim-l

426 4434 437 4445 .
484 4398 514 4455 ρ.
551 4400 584 4461 ⁸⁴5¹
659 4465 664 4473 ι

429 4478 446 4513 ἃ
507 4472 523 4493 ἱ

431 4500 604 4579 .s·‚·..'.
