2670 4636
161 178 200 237 32
469 175 642 237 HORATH
677 174 921 236 TURSELLINI
1005 179 1263 257 [oonrrasnrnn

162 341 228 392 tinne
237 341 264 390 in
275 339 457 404 uninterrnpted
466 339 556 390 4444144
562 357 571 399 ,·
588 341 642 389 that
652 339 718 390 these
728 341 820 401 irroges
828 354 894 388 mooe
904 340 1058 404 incessentia.
1088 342 1153 391 Cas.
1164 340 1181 388 1.
1193 346 1217 390 l.
1228 341 1264 389 Β.

163 406 192 454 C.
205 423 227 454 c.
237 410 278 456 46.
302 405 364 455 Cum
381 407 425 454 hoo
446 412 511 454 esset
526 405 599 453 modo
619 412 751 469 pugnaturn
768 405 917 454 continenter
934 406 1003 453 hores
1017 406 1131 469 quinque,
1148 405 1264 471 impetum

139 523 140 528 ,
159 469 185 518 in
195 472 304 519 cohortes
314 470 415 519 iaciunt.
437 473 477 522 14.
488 471 505 520 l.
516 474 540 519 1.
551 471 585 519 Β.
599 470 632 519 G.
644 486 666 518 c.
678 473 702 518 l.
712 470 795 534 Belgas
806 486 860 518 cum
872 468 999 520 Germanis
1009 471 1162 519 continenter
1172 471 1264 520 bellum

175 545 253 586 erunt.
264 536 282 585 i.
292 552 313 586 e.
325 536 428 585 assidue.

159 550 175 598 g
192 601 255 663 §IL
268 604 292 651 1.
310 600 449 650 Conrrnuo
467 599 533 648 idern
549 605 594 656 est,
608 597 762 662 quodstatirn
771 615 780 656 ,·
796 601 928 664 presently,
947 600 1048 650 without
1065 601 1142 664 delon,
1154 599 1263 649 immedi-

128 692 138 705 =
157 667 232 730 ately,
251 667 376 728 instantio.
412 666 462 714 Cir.
475 681 519 728 pro
533 666 604 714 Rosa.
618 666 685 713 Corn.
691 681 713 712 c.
719 668 744 713 4.
754 662 821 728 Ignis
832 664 857 711 in
868 681 954 727 aquam
964 666 1088 730 conjectus
1095 664 1210 713 continuo
1220 679 1262 712 ex-

157 731 282 794 tinguitur.
303 731 397 781 Terent.
413 731 506 780 Heant.
517 733 541 778 3.
552 735 576 779 l.
587 728 709 777 Continuo
726 729 767 778 bic
784 728 866 777 adero.
892 731 930 778 Id.
943 732 1053 780 Eunoch.
1064 735 1088 780 3.
1098 735 1123 779 2.
1135 730 1189 777 Hos
1199 729 1264 793 prius

157 795 328 844 introducam:
346 803 430 859 postea
448 794 561 843 continuo
573 810 640 844 ereo.
654 795 672 843 i.
684 809 705 844 e.
724 794 812 842 subito.
842 795 894 843 Cic.
904 796 922 842 1.
934 800 959 844 4.
977 795 1056 845 Acod.
1072 812 1093 843 4.
1105 798 1128 842 l.
1145 795 1263 842 Lucullos

158 859 288 924 permultos
305 875 380 908 annos
401 859 466 907 heim
483 859 591 923 premit:
614 859 700 907 deinde
720 860 806 908 absens
822 859 900 908 iactis
922 859 1010 908 sedilis:
1029 860 1144 910 continuo
1158 867 1262 926 prator:

159 935 215 988 post
231 927 258 975 in
267 925 390 995 Africam:
405 925 462 973 inde
473 923 505 975 ad
516 924 672 973 consulatum.

564 1020 580 1052 ⁸
598 1025 623 1070 2.
637 1022 850 1072 Continuo-eum.

193 1103 245 1153 Cic.
256 1105 274 1153 1.
286 1109 311 1154 9.
322 1105 392 1155 Fam.
407 1120 443 1168 ep.
456 1110 496 1155 14.
513 1104 603 1153 Omnes
619 1119 674 1152 cum
685 1111 709 1152 te
722 1103 823 1153 summis
838 1101 949 1152 laudibus
964 1102 997 1152 ad
1013 1105 1099 1152 ooelnm
1116 1105 1262 1162 extulerunt,

158 1167 218 1218 mihi
228 1170 341 1219 continuo
351 1170 466 1218 maximas
478 1169 565 1234 gratias
573 1175 655 1232 agunt.
665 1169 689 1206 ¹4

438 1267 450 1293 ⁸
467 1271 491 1316 3.
505 1266 693 1323 Contineo—nt,
703 1268 741 1314 vel
752 1267 824 1318 simul
834 1283 871 1325 oe,
881 1269 922 1315 vel
931 1251 982 1318 ahi.
995 1265 997 1269 ’

169 1400 174 1414 .
193 1347 245 1398 Cic·
259 1353 276 1398 6
287 1349 356 1400 Verr.
368 1366 390 1398 c.
401 1351 442 1399 22.
458 1348 511 1396 Iste
527 1348 641 1395 continno
651 1354 680 1394 ut
691 1347 762 1404 vidit,
770 1363 820 1396 non
831 1348 949 1396 dubitavit
960 1347 1018 1394 illud
1029 1346 1124 1409 insigne
1135 1347 1260 1410 penatium

158 1413 360 1478 hospitaliumque
371 1414 471 1463 deorum
484 1427 517 1460 ex
526 1412 639 1476 hospitali
648 1428 732 1461 mensa
742 1412 834 1462 tollere.
856 1414 896 1462 ld.
908 1411 925 1460 l.
938 1415 962 1460 1.
971 1414 1000 1461 de
1010 1414 1082 1461 Orat.
1093 1429 1116 1461 c.
1128 1416 1169 1461 26.
1180 1413 1260 1461 Maxi-

158 1492 210 1526 mns
224 1479 339 1528 continno
356 1479 480 1528 concilium
498 1478 596 1534 dimisit,
611 1478 682 1525 simul
699 1492 727 1527 ac
741 1493 780 1526 me
790 1477 891 1529 fractum
905 1493 933 1526 ac
951 1477 1099 1526 debilitatum
1114 1486 1181 1526 metu
1190 1477 1259 1526 vidit.

160 1542 256 1593 Terent.
267 1544 357 1610 Heeyr.
367 1550 392 1594 5.
401 1549 425 1594 3.
436 1543 524 1592 Aderit
533 1543 656 1599 continuo,
667 1544 720 1591 haec
728 1544 770 1592 ubi
779 1558 808 1591 ex
819 1550 844 1591 te
855 1541 965 1591 audierit.

494 1646 519 1692 4.
535 1630 593 1690 Nan
602 1641 712 1692 continno
722 1655 766 1705 pro
775 1640 921 1692 4441444.ις

188 1721 257 1788 Saepe
272 1739 319 1774 non
329 1724 439 1774 44441444
456 1730 581 1786 usurpatur
597 1739 640 1786 pro
657 1738 704 1772 non
720 1724 782 1773 ideo.
809 1723 862 1772 Cic.
871 1738 915 1786 pro
926 1721 1090 1772 Roradmer·
1106 1737 1128 1770 o.
1140 1725 1182 1771 33.
1201 1720 1259 1770 Non

156 1789 278 1847 continuo,
288 1789 309 1836 si
319 1805 356 1837 me
366 1790 391 1838 in
400 1804 496 1851 gregem
504 1787 640 1836 sicariorum
651 1788 751 1844 contuli,
762 1803 813 1836 sum
823 1787 932 1836 sicarius.
953 1787 1042 1850 <Angli
1056 1787 1163 1835 similiter
1173 1805 1178 1833 ε
1198 1787 1218 1837 14
1228 1787 1258 1851 ly

155 1867 187 1902 no
197 1855 376 1914 meanssoliorea
385 1855 438 1904 that
454 1854 483 1903 he
500 1854 522 1903 is
537 1868 552 1900 a
563 1853 698 1918 raffianfor
707 1852 783 1914 thot.)
805 1853 844 1900 Id.
853 1854 883 1902 de
894 1852 963 1902 Orat.
973 1853 990 1900 1.
1000 1857 1025 1902 2.
1035 1868 1058 1900 4.
1069 1855 1111 1901 48.
1127 1853 1153 1900 Si
1163 1852 1210 1900 illae
1220 1867 1258 1900 oe·

155 1917 261 1972 ditiones
278 1919 350 1967 saluti
367 1918 421 1967 huic
440 1917 532 1966 civitati
551 1918 662 1973 luissent,
681 1932 729 1965 non
747 1916 870 1974 continuo,
881 1916 968 1980 siquis
981 1923 1061 1965 motus
1078 1917 1164 1982 populi
1182 1918 1259 1967 iactus

155 1992 228 2044 esset,
243 1983 270 2032 id
279 1984 309 2033 C.
319 1981 344 2031 N
346 1984 435 2032 orbano
445 1983 472 2031 in
482 1981 573 2030 nefario
584 1982 684 2030 crimine
695 1990 767 2045 atque
777 1981 804 2030 in
813 1980 895 2030 froude
907 1981 1005 2047 capitali
1016 1996 1070 2030 esse
1079 1981 1226 2046 ponendum.

242 2137 246 2148 ‚
629 2079 778 2128 Admonitio.

190 2163 309 2253 Cpstinno
318 2160 453 2212 adverbium
466 2177 509 2226 pro
519 2161 613 2214 residue
623 2160 748 2212 barbarum
759 2167 806 2211 est.

601 2309 715 2360 CAPUT
744 2309 811 2360 LIV.

313 2451 315 2453 ·
328 2410 379 2473 De
392 2409 541 2471 Aduerbio
554 2411 583 2488 (s
593 2416 623 2470 et
637 2408 875 2491 Prepesitione)
893 2405 1072 2470 Gonnos.¹⁶

545 2523 560 2553 ⁵
571 2525 585 2587 §
596 2523 618 2572 Ι.
631 2526 738 2583 0444444
757 2522 865 2587 against.

186 2606 210 2652 1.
221 2604 331 2654 Conrns
343 2604 440 2667 proprie
450 2603 544 2652 videtur
554 2607 659 2669 usurpari
667 2604 697 2654 de
705 2606 768 2656 loco.
792 2604 933 2654 04444412.
945 2605 980 2654 Β.
993 2605 1027 2653 G.
1038 2619 1060 2652 c.
1074 2607 1113 2652 17.
1124 2606 1137 2668 i
1150 2608 1174 2656 3.
1189 2605 1256 2655 Galli

154 2668 252 2733 quidam
266 2668 361 2718 Nerviis
377 2668 546 2726 demonstrent,
557 2670 735 2734 impedimentis
751 2670 860 2734 direptis,
875 2670 987 2725 loturum,
1005 2675 1034 2716 44
1050 2669 1158 2731 legiones
1173 2679 1257 2719 contra

153 2735 281 2787 consistere
290 2750 339 2785 non
348 2734 472 2796 auderent.
495 2735 561 2784 Idi.
569 2739 594 2784 7.
603 2737 637 2784 Β.
646 2737 679 2785 G.
692 2752 713 2784 c.
723 2737 786 2800 28.§
796 2741 821 2786 1.
833 2734 912 2785 4141.
924 2739 948 2783 5.
958 2750 980 2784 c.
988 2737 1029 2783 37.
1042 2736 1107 2785 Cels.
1118 2735 1135 2784 1.
1147 2742 1174 2783 et
1183 2752 1205 2786 c.
1217 2739 1242 2785 8.

519 2836 543 2881 2.
553 2834 645 2883 Contra
649 2849 659 2893 ,·
676 2834 742 2899 quite
750 2833 883 2884 otherwise.

83 2906 86 2913 ¹
187 2916 278 2966 Contra
287 2914 427 2964 adverbium
445 2929 510 2978 sepe
530 2921 574 2970 ost,
590 2913 648 2978 quia
666 2915 717 2963 sine
739 2930 796 2963 casu
808 2914 912 2978 ponitur.
926 2914 978 2962 Cic.
994 2912 1147 2963 11311444.
1163 2928 1201 2977 ep.
1212 2916 1253 2962 le.

152 2980 286 3045 Utrumque
301 2988 384 3029 contra
400 2978 495 3028 accidit.
511 2980 551 3029 the
560 2984 673 3044 contrary
684 2982 803 3044 happened
818 2983 844 3028 in
856 2979 911 3028 beth
921 2994 1003 3036 ensesr
1021 2977 1077 3026 heth
1091 2993 1158 3027 cases
1168 2982 1254 3029 turned

151 3050 269 3112 44444144
285 3046 419 3097 otherwise.
436 3044 478 3096 *1.
489 3050 512 3094 1.
521 3047 550 3094 de
563 3044 615 3110 Off.
625 3061 647 3094 c.
657 3049 697 3094 17.
709 3053 734 3093 et
745 3046 761 3093 1.
772 3051 798 3093 et
805 3060 827 3094 c.
839 3047 863 3094 2.
873 3051 900 3092 44
909 3044 957 3093 it.
968 3046 1039 3093 c.19.

417 3146 442 3192 3.
454 3143 545 3192 Contra
554 3153 597 3207 pro
608 3157 621 3193 e
632 3149 722 3200 444444,
734 3149 762 3190 44
772 3141 841 3190 multi
852 3142 990 3204 loquuntur.

186 3226 279 3275 Contra
291 3238 356 3287 saepe
372 3229 499 3287 usurpatur
510 3237 554 3287 pro
567 3226 680 3272 econtra·
706 3223 758 3272 Cic.
769 3223 787 3269 l.
799 3228 824 3271 4.
837 3225 905 3272 Tusa.
919 3223 967 3279 Qu.
978 3239 999 3270 c.
1010 3226 1035 3271 6.
1054 3221 1098 3270 Uti
1115 3220 1141 3268 hi
1160 3220 1252 3270 miseri.

147 3290 185 3341 sie
196 3296 279 3339 444444
288 3289 325 3338 iili
335 3289 408 3337 beati.
418 3304 446 3337 44
454 3289 519 3338 there
528 3303 569 3337 nre
579 3288 697 3352 nnhappy,
708 3303 734 3336 eo
747 3301 777 3336 on
788 3287 827 3336 the
837 3288 904 3337 other
910 3288 1022 3337 14444444
1029 3287 1095 3336 those
1106 3287 1191 3352 happy.
1213 3288 1253 3336 ld·

148 3357 179 3405 de
193 3353 272 3405 Annio.
289 3370 313 3402 e.
325 3358 366 3404 24.
384 3354 406 3402 11
422 3368 532 3415 peccasse
551 3368 576 3400 se
593 3367 643 3399 non
661 3360 789 3414 anguntur,
808 3351 924 3416 objurgari
943 3353 1043 3401 moleste
1060 3352 1157 3399 ierunt:
1185 3351 1252 3414 quod

148 3426 232 3469 eontra
242 3420 375 3485 oportebat,
386 3418 476 3467 delicto
488 3418 579 3472 dolere,
590 3416 753 3480 objurgatione
762 3417 875 3481 gaudere.
892 3418 932 3466 ld.
942 3419 961 3467 l.
972 3423 997 3467 4.
1008 3416 1087 3466 Aead.
1098 3432 1121 3464 c.
1133 3421 1173 3465 32.
1185 3415 1252 3466 Aca·

148 3484 252 3536 domicia
262 3486 351 3549 placet,
367 3499 420 3535 esse
430 3498 511 3532 rerum
521 3481 638 3546 ejusmodi
648 3481 855 3532 dissimilitudines
865 3493 893 3531 ut
901 3482 955 3532 alia
967 3482 1104 3548 probabiles
1113 3481 1252 3537 videantur,

148 3550 303 3600 aliaecontra.
337 3548 402 3599 ⁹111.
412 3549 431 3597 l.
441 3550 504 3597 l.de
517 3545 571 3611 Off.
582 3563 605 3596 c.
614 3550 656 3596 27.

444 3649 470 3695 4.
484 3645 583 3701 Contra,
593 3650 677 3694 contro
687 3651 767 3710 otone,
776 3620 860 3696 444444
874 3661 952 3710 quarn.

181 3730 273 3781 Contra
280 3728 390 3793 jungitur
399 3740 455 3774 cnm
465 3741 501 3781 oo.
512 3729 590 3790 atque,
601 3741 681 3790 quom.
715 3727 768 3776 Cio.
782 3742 826 3791 pro
844 3727 918 3776 Balh.
927 3742 949 3775 c.
960 3731 986 3776 3.
996 3725 1022 3774 Si
1033 3725 1137 3789 denique
1147 3724 1251 3788 aliquid,

178 3909 204 3949 ¹4
216 3908 280 3966 Quia
295 3906 506 3972 particulsmeam
514 3906 620 3971 sequitur
630 3907 749 3964 44441444,
761 3908 834 3957 etiarn
843 3893 955 3956 44441444
967 3904 1075 3970 praeponi
1085 3907 1166 3966 potest
1174 3900 1249 3965 parti·

145 3975 317 4088 caiaciluiillron
325 4036 436 4088 continno
446 4052 490 4100 pro
501 4053 548 4087 non
558 4039 610 4094 idea
619 4038 678 4102 poni
689 4045 785 4102 negant,
799 4038 848 4086 virn
857 4035 1023 4102 particularum
1033 4033 1168 4096 linguaeque
1177 4038 1248 4080 nata·

142 4103 345 4165 ramdiligentius
353 4102 538 4165 perpendentes.
932 4155 934 4158 y

171 4167 190 4230 l
191 4165 214 4200 ¹⁶
226 4167 268 4217 Sic
280 4169 345 4218 enim
353 4167 427 4230 vulgo
437 4169 578 4232 appellatur.
596 4168 644 4217 Sed
654 4167 711 4232 quid
723 4184 767 4217 nos
778 4183 807 4216 es
817 4167 848 4215 de
858 4182 884 4215 re
896 4165 1035 4220 sentiamus,
1046 4163 1073 4211 in
1083 4160 1248 4218 Grammatico

122 4238 210 4279 narra
215 4231 307 4280 Latina
318 4232 426 4284 dirimas
437 4236 451 4301 §
463 4237 522 4286 838.
537 4234 615 4284 Multa
624 4234 724 4301 quidem
733 4232 836 4285 docendi
844 4246 918 4284 causa
925 4231 1085 4286 nominamus,
1096 4239 1150 4292 qaae
1161 4226 1193 4275 ad
1203 4240 1245 4274 ve·

105 4291 375 4364 dnmmsmpmm
389 4298 464 4352 aliter
474 4301 626 4354 nominanda
634 4301 739 4368 forent]
