2670 4636
106 242 168 323 ‘tea
437 254 611 318 nostru
636 254 880 318 rumetum
1086 260 1223 342 [maus-

493 402 560 452 222.
578 402 839 468 Ursasosodaloen·
874 443 878 450 .
1014 441 1017 449 .

140 485 209 536 Pae.
225 485 243 534 l.
253 487 295 534 17.
311 499 334 534 c.
343 485 385 533 22.
402 476 490 533 Utilior
505 482 653 532 conaremdo
669 482 788 545 patiendi,
805 483 928 548 satiusque
945 483 1074 561 pampinos
1088 483 1213 549 adjugata

106 548 241 613 detergere,
258 564 334 613 nsque
351 562 398 611 quo
417 549 514 612 placeat
531 547 636 596 roborari
653 563 714 596 eam.
748 549 843 598 [bid-c.
853 553 896 598 23.
911 548 1010 598 Relicto
1027 565 1125 612 semper
1142 549 1212 598 dum·

108 624 189 664 mento
197 615 224 664 in
234 614 334 680 ungulis
344 612 465 672 tabulatis,
478 622 504 661 et
514 612 638 662 emissum
649 627 706 673 uno,
718 615 760 677 qni
774 613 868 679 subeat,
879 630 1010 681 usquequo
1019 614 1147 680 placuerit.

433 727 491 793 (28.
510 728 589 792 thue
595 725 703 792 jungitur
712 727 786 776 etiam
796 728 887 780 datiam
929 766 931 771 ,

111 886 114 891 ι
140 809 217 862 Tati·
227 808 277 863 Aa.
287 811 306 860 1.
316 814 342 861 1.
352 811 424 860 c.1a.
440 808 536 858 Pastori
546 823 622 873 usque
633 807 795 873 adoraverat.)

536 1035 653 1087 CAPUT
685 1035 783 1088 CCXC.

379 1169 429 1230 De
441 1133 592 1230 Aduerbio
605 1176 635 1228 at
650 1168 866 1249 Cbojaactioae
880 1169 939 1229 Ur.

483 1318 490 1331 ·
515 1298 529 1362 §
546 1284 569 1345 12
586 1296 663 1348 1.Ur
673 1297 822 1348 adverbium.

141 1389 166 1433 l.
182 1381 222 1432 Ur
238 1387 264 1430 et
279 1378 318 1430 ott
334 1395 397 1444 sape
416 1378 519 1427 eundem
535 1395 603 1428 usum
622 1387 648 1427 et
664 1379 861 1443 significationem
878 1381 976 1439 babent,
992 1395 1058 1446 saepe
1078 1383 1208 1447 promiscua

108 1448 169 1517 poni
178 1463 227 1497 non
239 1452 346 1511 possunt.
362 1446 426 1509 Ειςο
437 1445 607 1494 attendendum
618 1443 650 1493 ad
660 1445 821 1510 insequentia.

527 1564 553 1610 2.
573 1560 608 1609 Ut
618 1574 662 1623 pro
673 1562 793 1622 quomodo.

109 1609 112 1614 ³
146 1645 183 1694 Ut
202 1657 268 1707 sape
287 1648 417 1706 usurpatur
435 1655 479 1705 pro
495 1643 617 1705 quomodo,
637 1642 677 1689 vel
694 1643 765 1690 meat.
797 1644 852 1692 Ter.
870 1643 970 1692 Pborm·
983 1649 1007 1694 1.
1024 1647 1049 1692 2.
1074 1644 1206 1693 Praesertim
1256 1689 1258 1693 Α

110 1716 141 1759 nt
148 1724 213 1758 nunc
224 1715 281 1756 aunt
290 1722 373 1756 mores.
390 1707 515 1770 especially
525 1721 554 1755 na
562 1707 601 1756 tte
612 1711 702 1755 curtem
711 1721 764 1756 noan
775 1709 805 1756 ia·
824 1708 875 1759 Cic.
889 1710 921 1758 nd
930 1710 987 1759 Art.
1005 1710 1040 1758 Ut
1053 1711 1173 1774 principia
1183 1727 1208 1760 se

110 1775 177 1824 dant.
210 1772 303 1822 Ἀῶ.
315 1773 332 1821 l.
342 1777 367 1822 9.
378 1771 433 1822 Ati.
442 1787 479 1836 ep.
490 1776 516 1821 4.
525 1777 552 1819 et
557 1787 602 1835 pro
615 1772 868 1823 monetmonet&
1072 1801 1076 1809 ·

215 1891 241 1938 2.
260 1889 295 1938 Ut
304 1895 360 1952 post
369 1887 441 1935 verba
451 1886 546 1951 ignora
555 1886 675 1950 intelligo,
689 1886 756 1937 oideo
765 1895 812 1937 cet.
824 1887 879 1952 (pro
889 1890 1106 1952 quemadmodum.)

142 1971 195 2022 cic.
209 1984 253 2035 pro
266 1970 360 2020 Cluent-
370 1985 393 2018 c.
405 1971 446 2016 25.
456 1967 512 2017 init.
539 1966 597 2016 Non
615 1968 736 2032 ignoratis,
746 1976 774 2017 ut
789 1967 863 2018 etiam
872 1969 965 2027 bestia,
981 1971 1046 2020 tame
1062 1970 1211 2031 dominante,

107 2036 140 2093 ad
150 2051 207 2085 enm
218 2036 306 2093 locum,
323 2033 364 2083 ubi
374 2041 448 2098 pastae
464 2031 591 2098 aliquando
601 2032 661 2099 sint,
669 2040 822 2082 revertantur.

109 2169 134 2202 a.
153 2151 188 2200 Ut
198 2164 243 2216 pro
250 2153 340 2214 prout:
357 2154 386 2199 at
395 2163 458 2197 arato
467 2153 511 2204 est,
524 2154 550 2198 ut
560 2163 622 2198 auae
632 2148 711 2205 lubet,
720 2155 749 2199 ut
759 2148 867 2215 anacflt.
878 2163 907 2199 aa
916 2149 1000 2212 tbiags
1010 2164 1053 2201 ure
1060 2167 1123 2209 aoso,
1133 2153 1160 2201 a'a
1171 2153 1212 2203 tle

315 2220 411 2279 praem
421 2219 485 2263 date
493 2212 524 2272 ns
531 2214 571 2264 tlte
581 2229 642 2280 case,
658 2229 688 2264 aa
696 2220 798 2264 mttere
808 2229 850 2263 are
860 2220 887 2264 nt
894 2222 1000 2279 pressat.

139 2295 197 2345 Huc
206 2293 329 2358 pertinent
335 2293 387 2351 illa,
398 2299 426 2343 at
434 2308 497 2343 auae
506 2298 550 2350 est,
562 2299 590 2342 nt
599 2308 661 2343 nano
671 2295 750 2359 babet,
761 2300 789 2345 at
798 2296 909 2361 aaacflt.
928 2296 981 2346 Cic.
992 2296 1049 2345 Aa.
1062 2295 1078 2345 Ι.
1092 2301 1132 2346 15.
1142 2312 1179 2359 ep.
1186 2303 1210 2348 5.

109 2362 175 2413 stibi
189 2361 345 2410 deliberatum
356 2365 402 2414 est,
415 2367 442 2406 ut
459 2374 523 2407 nunc
534 2358 631 2422 quidem
641 2366 686 2417 est,
705 2361 788 2408 abesse
802 2377 832 2409 ex
841 2377 871 2408 ea
881 2363 948 2410 urbe.
981 2361 1046 2411 lota.
1056 2362 1075 2408 l.
1087 2364 1127 2410 12.
1138 2378 1175 2426 ep.
1187 2367 1210 2411 7.

110 2429 171 2487 Qua
188 2441 266 2474 causa
286 2424 462 2480 simanebunt,
482 2426 608 2486 quaerenda
626 2433 665 2475 eat
683 2425 804 2474 excusatio
822 2426 854 2474 ad
872 2426 982 2481 Brutum,
992 2433 1028 2491 et,
1044 2434 1074 2474 ut
1091 2442 1154 2475 nunc
1165 2436 1210 2484 est,

108 2506 226 2545 maura
243 2489 364 2538 videntur.
396 2489 436 2538 Id.
454 2489 472 2536 l·
484 2494 508 2538 2.
518 2491 547 2538 de
557 2489 618 2553 Leg.
634 2506 657 2538 c.
669 2494 692 2538 1.
709 2489 779 2539 Hanc
795 2490 862 2538 vides
878 2490 969 2547 villam,
988 2498 1015 2538 ut
1031 2507 1097 2539 nunc
1114 2491 1210 2554 quidem

109 2564 156 2615 eat,
172 2556 260 2605 lautius
277 2554 428 2604 aedificatam.
460 2554 500 2604 Id.
512 2555 567 2604 Ata.
577 2555 594 2602 1.
604 2559 628 2602 2.
640 2571 662 2604 c.
673 2559 713 2604 11.
729 2553 785 2611 Ille,
797 2563 825 2603 ut
834 2571 898 2604 nunc
909 2571 935 2603 se
945 2555 1028 2614 habet,
1038 2557 1065 2604 in
1076 2557 1211 2606 admirabili

109 2623 184 2688 gloria
199 2629 247 2670 est.
285 2621 325 2670 ld·
342 2619 419 2668 Acod.
442 2619 460 2667 Ι.
476 2625 502 2666 et
519 2635 541 2666 c.
559 2624 583 2669 4.
610 2620 658 2668 Sed
679 2621 824 2677 mehercule,
843 2628 871 2668 ut
889 2620 988 2684 quidem
1007 2637 1032 2669 se
1053 2638 1117 2670 nnnc
1138 2639 1210 2671 causa

108 2689 190 2747 babet,
201 2685 247 2735 etsi
262 2687 375 2734 hestsmn
393 2699 502 2732 sermone
518 2684 661 2733 labefactata
671 2692 718 2748 est,
732 2686 794 2734 mihi
803 2693 886 2735 tamen
902 2687 1059 2736 videturesse
1080 2689 1211 2736 verissima.

109 2755 151 2809 ld.
161 2754 180 2802 l.
189 2755 215 2802 2.
226 2751 297 2804 Fam.
306 2765 344 2815 ep.
355 2752 396 2800 16.
422 2749 479 2797 Non
490 2757 519 2797 ut
528 2750 584 2797 olim
595 2751 696 2808 solebat,
706 2749 752 2799 sed
761 2758 789 2799 ut
797 2767 862 2800 nunc
873 2751 909 2811 fit,
919 2753 1019 2802 mimum
1026 2753 1189 2804 introduxisti.

410 2859 458 2919 ¹3.
479 2862 514 2910 Ut
522 2866 609 2925 potest,
620 2866 647 2911 et
658 2867 748 2925 potero,
757 2868 785 2912 nt
794 2864 862 2927 potui
871 2873 920 2913 cet.

142 2947 195 2997 Cic·
204 2947 223 2995 l.
232 2949 258 2995 1.
269 2943 338 2994 Fam.
347 2957 384 3007 ep.
394 2944 419 2990 2.
435 2941 487 2991 Νοι
498 2943 523 2990 in
534 2943 633 3006 Senatu,
642 2943 843 3006 quemadmodum
854 2961 932 3011 sporo,
944 2946 1087 3011 dignitatem
1096 2955 1211 3009 nostram,

107 3017 137 3062 nt
146 3017 227 3076 potest
235 3010 261 3057 ln
271 3016 339 3056 tanta
352 3008 475 3055 hominnm
485 3008 592 3071 perfidia,
602 3008 766 3058 retinebimus.
800 3010 840 3060 ld.
851 3010 868 3059 l.
881 3017 905 3060 2.
916 3014 945 3062 de
958 3013 1011 3077 Off.
1023 3029 1045 3062 c.
1056 3018 1098 3063 21.
1114 3013 1211 3064 Graecos

107 3091 191 3127 reram
210 3073 331 3140 Euripidis
349 3073 437 3129 dicam,
452 3081 479 3120 ut
497 3081 590 3139 potero,
609 3073 733 3122 incondite
753 3074 861 3129 tortasse,
879 3076 922 3124 aad
944 3084 1023 3124 umen
1040 3085 1068 3125 nt
1082 3093 1121 3126 res
1135 3081 1211 3142 possit

107 3140 221 3203 intelligi.
253 3138 291 3188 Id.
310 3139 340 3186 de
359 3137 454 3187 Senect.
471 3153 493 3186 c.
504 3139 529 3187 2.
549 3132 651 3193 daciam,
669 3146 698 3186 ut
715 3145 808 3202 potero,
825 3140 895 3188 Laeli.
918 3141 958 3190 Id.
974 3141 992 3189 l.
1003 3148 1027 3191 5.
1039 3142 1110 3192 Fam.
1121 3160 1158 3207 ep.
1170 3148 1210 3197 12.

109 3206 173 3257 Cum
181 3205 207 3252 in
218 3204 253 3252 tui
262 3202 438 3251 familiarissimi
449 3202 542 3266 judicio
553 3217 581 3250 ac
592 3202 700 3265 periculo
709 3209 777 3251 tuum
793 3203 881 3252 crimen
893 3205 1081 3270 conjungeretur,
1097 3215 1124 3255 ut
1134 3204 1210 3271 potui,

108 3269 286 3321 aocumtissime
302 3275 326 3315 te
337 3275 451 3329 tuamque
468 3281 564 3315 causam
573 3274 664 3314 tutatus
680 3282 739 3316 sum.
756 3268 775 3316 -I
781 3272 901 3330 protectori
913 3285 959 3333 you
969 3285 996 3319 ns
1006 3272 1060 3320 well
1069 3287 1098 3322 ua
1110 3274 1128 3322 I
1133 3277 1210 3323 could.

107 3337 149 3395 Id.
161 3339 174 3384 1
187 3337 244 3385 cm.
252 3349 274 3382 c.
283 3337 310 3382 2.
322 3331 450 3396 Superiora
459 3332 502 3380 illa
512 3347 629 3396 quamque
647 3332 748 3381 ferenda
758 3348 806 3380 non
815 3334 919 3389 fuerunt,
930 3343 1019 3399 tamen,
1030 3344 1058 3385 ut
1067 3338 1147 3399 potui,
1158 3340 1210 3386 tuli.

106 3402 150 3458 lt.
159 3402 189 3451 de
199 3399 294 3451 Parttt.
313 3413 335 3446 n.
346 3401 387 3446 at.
406 3406 466 3462 extr.
490 3395 631 3461 Expositum
649 3405 695 3454 est,
712 3404 739 3446 ut
749 3397 826 3462 potui,
839 3397 978 3447 brevissime
995 3400 1026 3447 do
1038 3402 1104 3450 omni
1115 3411 1211 3453 conno-

107 3466 237 3517 aeraiarnm
247 3477 345 3529 genere.

404 3580 420 3610 ³
429 3595 456 3642 γ.
475 3580 508 3631 Ut
519 3580 571 3631 dieo
580 3581 607 3628 in
616 3580 735 3631 narrando
751 3588 775 3630 et
787 3582 928 3645 repetendo.

110 3652 114 3659 ¹
144 3666 197 3718 cte.
215 3669 232 3715 2
247 3664 316 3715 Vm.
332 3679 355 3712 c.
362 3665 408 3718 14.
423 3660 467 3718 ili,
482 3668 511 3709 ut
530 3660 595 3720 dico,
615 3661 738 3711 bominem
759 3664 899 3718 admonent,
921 3677 970 3709 rem
991 3677 1044 3711 erae
1062 3665 1213 3726 praeclaram.

109 3733 173 3785 loto.
189 3744 212 3781 ο.
227 3735 270 3780 ot.
290 3729 315 3778 Is
330 3729 411 3793 igitur,
431 3733 458 3775 ut
476 3726 540 3790 dico,
560 3726 722 3775 Timarchides
744 3726 769 3774 in
786 3741 869 3775 omnes
890 3725 998 3775 civitates
1016 3736 1117 3792 accepto
1132 3733 1212 3794 pretio

108 3811 222 3849 censnms
240 3794 338 3844 dimisit.
357 3794 422 3844 lde
437 3795 504 3841 Verr.
520 3808 543 3840 c.
557 3797 598 3843 24.
616 3791 674 3840 Erat
683 3793 737 3848 boc,
754 3799 780 3838 ut
798 3791 862 3855 dico,
873 3791 1007 3839 factitatum
1018 3808 1120 3858 semper.
1154 3796 1211 3847 Huc

108 3863 215 3929 pertinet
227 3861 331 3922 eiusdem
349 3859 408 3908 ibid.
423 3874 446 3907 c.
456 3861 496 3906 15.
529 3856 566 3905 Tu
581 3873 638 3906 cnm
650 3872 718 3905 esses
735 3864 822 3921 praetor
838 3857 994 3906 renunciatus
1013 3872 1111 3923 quoquo
1129 3863 1211 3918 modo,

108 3928 194 3999 (mitto
203 3927 268 3975 eninr
279 3932 306 3975 et
321 3932 442 3988 praetereo,
453 3923 513 3987 qnid
523 3930 575 3971 tum
585 3922 617 3971 sit
625 3922 728 3987 actum.)
738 3923 782 3972 sed
790 3937 844 3971 cum
858 3936 925 3970 esses
938 3923 1102 3982 renunciatus,
1112 3934 1140 3975 nt
1151 3926 1214 3985 dixi,

109 4009 160 4043 non
167 3992 221 4058 ipsa
230 3991 346 4054 praeconis
353 4004 412 4038 voce
424 3992 542 4039 excitatus
550 3987 595 4037 es?

141 4106 157 4138 ⁸
169 4107 192 4156 δ.
211 4106 246 4155 Ut
255 4103 291 4169 fit
302 4103 385 4153 itidem
399 4103 426 4152 in
436 4103 553 4154 narranda
566 4118 603 4160 re,
615 4102 658 4151 aed
670 4102 792 4152 communi
801 4120 807 4162 ;
824 4118 851 4152 aa
861 4103 884 4152 is
893 4103 985 4166 maella
995 4103 1036 4153 tlte
1045 4119 1109 4163 cose,
1120 4121 1148 4155 aa
1159 4105 1182 4156 is

466 4172 542 4226 asaal,
553 4184 581 4218 os
597 4169 727 4232 commonly
737 4169 848 4232 tamem.

143 4252 196 4303 Cic.
205 4265 249 4316 pro
259 4251 332 4300 Rota.
342 4250 397 4299 Am.
409 4265 431 4298 c.
442 4255 467 4300 8.
483 4250 533 4308 Qui
541 4251 567 4298 in
582 4264 626 4298 sna
635 4265 661 4299 re
671 4249 758 4300 fuisset
769 4247 944 4313 egentissimus,
953 4255 1013 4306 erat,
1022 4257 1051 4298 ut
1060 4249 1099 4307 tit,
1107 4250 1218 4301 insolens

109 4320 135 4370 in
150 4317 240 4368 adens.
269 4316 334 4372 lota.
352 4331 375 4367 c·
385 4319 427 4366 32.
443 4315 544 4373 Varum,
555 4322 583 4363 nt
599 4314 636 4373 it,
651 4315 729 4365 multa
746 4329 812 4380 saepe
826 4313 1020 4379 imprudentibus
1030 4314 1219 4380 imperatoribus
