<?xml version="1.0" encoding="UTF-8"?>
<!DOCTYPE html PUBLIC "-//W3C//DTD XHTML 1.0 Transitional//EN"
    "http://www.w3.org/TR/xhtml1/DTD/xhtml1-transitional.dtd">
<html xmlns="http://www.w3.org/1999/xhtml" xml:lang="en" lang="en">
 <head>
  <title>
</title>
<meta http-equiv="Content-Type" content="text/html;charset=utf-8" />
  <meta name='ocr-system' content='tesseract 3.04.00' />
  <meta name='ocr-capabilities' content='ocr_page ocr_carea ocr_par ocr_line ocrx_word'/>
</head>
<body>
  <div class='ocr_page' id='page_1' title='image "./horatiiturselli00schwgoog/horatiiturselli00schwgoog_0326.png"; bbox 0 0 2670 4636; ppageno 0'>
   <div class='ocr_carea' id='block_1_1' title="bbox 107 272 1196 354">
    <p class='ocr_par' dir='ltr' id='par_1_1' title="bbox 107 272 1196 354">
     <span class='ocr_line' id='line_1_1' title="bbox 107 272 1196 354; baseline -0.009 -13"><span class='ocrx_word' id='word_1_1' title='bbox 107 277 294 354; x_wconf 71' lang='lat' dir='ltr'>overrun]</span> <span class='ocrx_word' id='word_1_2' title='bbox 463 274 519 335; x_wconf 88' lang='lat' dir='ltr'>DE</span> <span class='ocrx_word' id='word_1_3' title='bbox 544 274 784 336; x_wconf 82' lang='lat' dir='ltr'>PAllTlCULlS</span> <span class='ocrx_word' id='word_1_4' title='bbox 799 275 856 336; x_wconf 85' lang='lat' dir='ltr'>etc.</span> <span class='ocrx_word' id='word_1_5' title='bbox 1138 272 1196 332; x_wconf 88' lang='grc'>319</span> 
     </span>
    </p>
   </div>
   <div class='ocr_carea' id='block_1_2' title="bbox 439 422 874 478">
    <p class='ocr_par' dir='ltr' id='par_1_2' title="bbox 439 422 874 478">
     <span class='ocr_line' id='line_1_2' title="bbox 439 422 874 478; baseline -0.009 -5"><span class='ocrx_word' id='word_1_6' title='bbox 439 422 454 450; x_wconf 79' lang='grc'><strong>“</strong></span> <span class='ocrx_word' id='word_1_7' title='bbox 465 426 491 473; x_wconf 89' lang='grc'>6.</span> <span class='ocrx_word' id='word_1_8' title='bbox 510 423 606 478; x_wconf 83' lang='lat' dir='ltr'>Quanto</span> <span class='ocrx_word' id='word_1_9' title='bbox 617 437 651 478; x_wconf 84' lang='lat' dir='ltr'>eo,</span> <span class='ocrx_word' id='word_1_10' title='bbox 663 437 711 469; x_wconf 87' lang='lat' dir='ltr'>non</span> <span class='ocrx_word' id='word_1_11' title='bbox 722 422 874 470; x_wconf 82' lang='lat' dir='ltr'>imitandum.</span> 
     </span>
    </p>
   </div>
   <div class='ocr_carea' id='block_1_3' title="bbox 109 500 1198 682">
    <p class='ocr_par' dir='ltr' id='par_1_3' title="bbox 109 500 1198 682">
     <span class='ocr_line' id='line_1_3' title="bbox 147 500 1196 566; baseline -0.002 -16"><span class='ocrx_word' id='word_1_12' title='bbox 147 502 295 566; x_wconf 74' lang='lat' dir='ltr'>Pmpeiod</span> <span class='ocrx_word' id='word_1_13' title='bbox 303 501 396 551; x_wconf 83' lang='lat' dir='ltr'>Domit.</span> <span class='ocrx_word' id='word_1_14' title='bbox 406 518 444 565; x_wconf 81' lang='lat' dir='ltr'>cp.</span> <span class='ocrx_word' id='word_1_15' title='bbox 457 507 480 552; x_wconf 88' lang='lat'>1.</span> <span class='ocrx_word' id='word_1_16' title='bbox 490 512 545 566; x_wconf 88' lang='lat' dir='ltr'>post</span> <span class='ocrx_word' id='word_1_17' title='bbox 555 518 591 564; x_wconf 84' lang='lat' dir='ltr'>ep·</span> <span class='ocrx_word' id='word_1_18' title='bbox 602 505 666 552; x_wconf 77' lang='grc'><strong>121.</strong></span> <span class='ocrx_word' id='word_1_19' title='bbox 678 509 702 553; x_wconf 86' lang='grc'>8.</span> <span class='ocrx_word' id='word_1_20' title='bbox 715 504 767 552; x_wconf 85' lang='lat' dir='ltr'>Cic.</span> <span class='ocrx_word' id='word_1_21' title='bbox 783 506 814 552; x_wconf 84' lang='lat' dir='ltr'>ud</span> <span class='ocrx_word' id='word_1_22' title='bbox 825 500 1017 558; x_wconf 78' lang='lat' dir='ltr'>AttinQuunto</span> <span class='ocrx_word' id='word_1_23' title='bbox 1023 500 1102 564; x_wconf 80' lang='lat' dir='ltr'>magis</span> <span class='ocrx_word' id='word_1_24' title='bbox 1111 514 1196 563; x_wconf 83' lang='lat' dir='ltr'>oppro-</span> 
     </span>
     <span class='ocr_line' id='line_1_4' title="bbox 109 566 1198 632; baseline 0 -20"><span class='ocrx_word' id='word_1_25' title='bbox 109 566 228 630; x_wconf 87' lang='lat' dir='ltr'>pinquare</span> <span class='ocrx_word' id='word_1_26' title='bbox 236 567 383 615; x_wconf 83' lang='lat' dir='ltr'>adversarius</span> <span class='ocrx_word' id='word_1_27' title='bbox 395 577 508 630; x_wconf 74' lang='lat' dir='ltr'>eruperat,</span> <span class='ocrx_word' id='word_1_28' title='bbox 516 584 544 615; x_wconf 93' lang='lat' dir='ltr'>eo</span> <span class='ocrx_word' id='word_1_29' title='bbox 555 569 598 615; x_wconf 89' lang='lat' dir='ltr'>tibi</span> <span class='ocrx_word' id='word_1_30' title='bbox 607 568 708 616; x_wconf 85' lang='lat' dir='ltr'>celerius</span> <span class='ocrx_word' id='word_1_31' title='bbox 717 569 832 632; x_wconf 76' lang='lat' dir='ltr'>agendum</span> <span class='ocrx_word' id='word_1_32' title='bbox 842 567 967 616; x_wconf 70' lang='lat' dir='ltr'>crathin.</span> <span class='ocrx_word' id='word_1_33' title='bbox 977 567 995 614; x_wconf 91' lang='lat' dir='ltr'>l.</span> <span class='ocrx_word' id='word_1_34' title='bbox 1006 569 1030 614; x_wconf 91' lang='grc'>3.</span> <span class='ocrx_word' id='word_1_35' title='bbox 1041 582 1064 616; x_wconf 89' lang='lat' dir='ltr'>c.</span> <span class='ocrx_word' id='word_1_36' title='bbox 1073 570 1099 616; x_wconf 88' lang='lat'>8.</span> <span class='ocrx_word' id='word_1_37' title='bbox 1107 566 1161 615; x_wconf 83' lang='lat' dir='ltr'>etl.</span> <span class='ocrx_word' id='word_1_38' title='bbox 1171 575 1198 613; x_wconf 91' lang='lat' dir='ltr'>et</span> 
     </span>
     <span class='ocr_line' id='line_1_5' title="bbox 110 633 621 682; baseline 0 -2"><span class='ocrx_word' id='word_1_39' title='bbox 110 649 134 680; x_wconf 90' lang='lat' dir='ltr'>c.</span> <span class='ocrx_word' id='word_1_40' title='bbox 144 636 185 681; x_wconf 88' lang='grc'>30.</span> <span class='ocrx_word' id='word_1_41' title='bbox 203 633 268 680; x_wconf 82' lang='lat' dir='ltr'>ndd.</span> <span class='ocrx_word' id='word_1_42' title='bbox 281 633 373 681; x_wconf 82' lang='lat' dir='ltr'>Colunt.</span> <span class='ocrx_word' id='word_1_43' title='bbox 388 633 406 678; x_wconf 89' lang='lat'>1.</span> <span class='ocrx_word' id='word_1_44' title='bbox 419 638 458 682; x_wconf 89' lang='grc'>12.</span> <span class='ocrx_word' id='word_1_45' title='bbox 469 648 491 680; x_wconf 93' lang='lat' dir='ltr'>c.</span> <span class='ocrx_word' id='word_1_46' title='bbox 502 636 533 680; x_wconf 85' lang='grc'>23</span> <span class='ocrx_word' id='word_1_47' title='bbox 544 637 621 680; x_wconf 77' lang='lat' dir='ltr'>etilo.</span> 
     </span>
    </p>
   </div>
   <div class='ocr_carea' id='block_1_4' title="bbox 317 745 993 809">
    <p class='ocr_par' dir='ltr' id='par_1_4' title="bbox 317 745 993 809">
     <span class='ocr_line' id='line_1_6' title="bbox 317 745 993 809; baseline -0.003 -16"><span class='ocrx_word' id='word_1_48' title='bbox 317 745 332 774; x_wconf 74' lang='grc'><em>“</em></span> <span class='ocrx_word' id='word_1_49' title='bbox 343 750 367 793; x_wconf 84' lang='grc'>1.</span> <span class='ocrx_word' id='word_1_50' title='bbox 377 747 473 801; x_wconf 83' lang='lat' dir='ltr'>Quanto</span> <span class='ocrx_word' id='word_1_51' title='bbox 482 746 582 809; x_wconf 83' lang='lat' dir='ltr'><strong>respicit</strong></span> <span class='ocrx_word' id='word_1_52' title='bbox 597 748 694 795; x_wconf 83' lang='lat' dir='ltr'>verbum</span> <span class='ocrx_word' id='word_1_53' title='bbox 709 745 804 794; x_wconf 88' lang='lat' dir='ltr'>memini</span> <span class='ocrx_word' id='word_1_54' title='bbox 820 745 902 793; x_wconf 80' lang='lat' dir='ltr'>etalio</span> <span class='ocrx_word' id='word_1_55' title='bbox 911 745 993 792; x_wconf 84' lang='lat' dir='ltr'>multa.</span> 
     </span>
    </p>
   </div>
   <div class='ocr_carea' id='block_1_5' title="bbox 107 818 1197 955">
    <p class='ocr_par' dir='ltr' id='par_1_5' title="bbox 107 818 1197 955">
     <span class='ocr_line' id='line_1_7' title="bbox 144 818 1197 892; baseline -0.003 -17"><span class='ocrx_word' id='word_1_56' title='bbox 144 827 213 875; x_wconf 87' lang='lat' dir='ltr'>Plin.</span> <span class='ocrx_word' id='word_1_57' title='bbox 223 827 241 873; x_wconf 86' lang='lat' dir='ltr'>l.</span> <span class='ocrx_word' id='word_1_58' title='bbox 253 829 357 888; x_wconf 76' lang='lat' dir='ltr'>Lepti.</span> <span class='ocrx_word' id='word_1_59' title='bbox 374 818 539 883; x_wconf 83' lang='lat' dir='ltr'>Meminimus,</span> <span class='ocrx_word' id='word_1_60' title='bbox 557 836 646 890; x_wconf 82' lang='lat' dir='ltr'>quanto</span> <span class='ocrx_word' id='word_1_61' title='bbox 661 827 749 892; x_wconf 87' lang='lat' dir='ltr'>majore</span> <span class='ocrx_word' id='word_1_62' title='bbox 765 826 845 875; x_wconf 86' lang='lat' dir='ltr'>nnimo</span> <span class='ocrx_word' id='word_1_63' title='bbox 855 825 989 875; x_wconf 73' lang='lat' dir='ltr'><strong>honestatis</strong></span> <span class='ocrx_word' id='word_1_64' title='bbox 1001 825 1092 874; x_wconf 81' lang='lat' dir='ltr'>tmolus</span> <span class='ocrx_word' id='word_1_65' title='bbox 1102 823 1197 886; x_wconf 75' lang='lat' dir='ltr'>incon·</span> 
     </span>
     <span class='ocr_line' id='line_1_8' title="bbox 107 890 565 955; baseline 0.007 -17"><span class='ocrx_word' id='word_1_66' title='bbox 107 890 224 953; x_wconf 80' lang='lat' dir='ltr'>seientia,</span> <span class='ocrx_word' id='word_1_67' title='bbox 235 904 307 955; x_wconf 83' lang='lat' dir='ltr'>quam</span> <span class='ocrx_word' id='word_1_68' title='bbox 318 891 344 938; x_wconf 90' lang='lat' dir='ltr'>in</span> <span class='ocrx_word' id='word_1_69' title='bbox 354 890 418 939; x_wconf 81' lang='lat' dir='ltr'>lama</span> <span class='ocrx_word' id='word_1_70' title='bbox 426 899 565 955; x_wconf 74' lang='lat' dir='ltr'><strong>reponatur.</strong></span> 
     </span>
    </p>
   </div>
   <div class='ocr_carea' id='block_1_6' title="bbox 543 1084 772 1134">
    <p class='ocr_par' dir='ltr' id='par_1_6' title="bbox 543 1084 772 1134">
     <span class='ocr_line' id='line_1_9' title="bbox 543 1084 772 1134; baseline -0.004 0"><span class='ocrx_word' id='word_1_71' title='bbox 543 1084 656 1134; x_wconf 88' lang='lat' dir='ltr'>CAPUT</span> <span class='ocrx_word' id='word_1_72' title='bbox 683 1084 772 1134; x_wconf 86' lang='lat' dir='ltr'>CCXI.</span> 
     </span>
    </p>
   </div>
   <div class='ocr_carea' id='block_1_7' title="bbox 109 1197 1266 1444">
    <p class='ocr_par' dir='ltr' id='par_1_7' title="bbox 109 1197 1266 1444">
     <span class='ocr_line' id='line_1_10' title="bbox 113 1197 1201 1272; baseline -0.006 -11"><span class='ocrx_word' id='word_1_73' title='bbox 113 1202 166 1261; x_wconf 87' lang='lat' dir='ltr'>De</span> <span class='ocrx_word' id='word_1_74' title='bbox 189 1199 365 1258; x_wconf 71' lang='lat' dir='ltr'><strong><em>Nominibus</em></strong></span> <span class='ocrx_word' id='word_1_75' title='bbox 392 1199 566 1272; x_wconf 66' lang='lat' dir='ltr'>Quirinus,</span> <span class='ocrx_word' id='word_1_76' title='bbox 592 1201 902 1268; x_wconf 79' lang='lat' dir='ltr'>Qunnruscnnonn,</span> <span class='ocrx_word' id='word_1_77' title='bbox 927 1197 1201 1270; x_wconf 75' lang='lat' dir='ltr'>Quunrusnrnnr,</span> 
     </span>
     <span class='ocr_line' id='line_1_11' title="bbox 109 1279 1266 1362; baseline -0.002 -24"><span class='ocrx_word' id='word_1_78' title='bbox 109 1355 112 1362; x_wconf 29' lang='grc' dir='ltr'>Ι</span> <span class='ocrx_word' id='word_1_79' title='bbox 153 1287 184 1338; x_wconf 89' lang='lat' dir='ltr'>et</span> <span class='ocrx_word' id='word_1_80' title='bbox 201 1279 554 1351; x_wconf 74' lang='lat' dir='ltr'>AdverliisQuunron,</span> <span class='ocrx_word' id='word_1_81' title='bbox 577 1281 809 1351; x_wconf 64' lang='lat' dir='ltr'>Qunuronurn</span> <span class='ocrx_word' id='word_1_82' title='bbox 830 1280 1199 1350; x_wconf 79' lang='lat' dir='ltr'>anuunnuncunonn‚</span> <span class='ocrx_word' id='word_1_83' title='bbox 1265 1312 1266 1315; x_wconf 61' lang='lat'><em>=</em></span> 
     </span>
     <span class='ocr_line' id='line_1_12' title="bbox 154 1359 983 1444; baseline 0 -26"><span class='ocrx_word' id='word_1_84' title='bbox 154 1359 385 1444; x_wconf 63' lang='lat' dir='ltr'>Quinimmo,</span> <span class='ocrx_word' id='word_1_85' title='bbox 399 1361 730 1432; x_wconf 78' lang='lat' dir='ltr'>anurusoununns,</span> <span class='ocrx_word' id='word_1_86' title='bbox 746 1362 983 1428; x_wconf 75' lang='lat' dir='ltr'>Qunnroesnn.</span> 
     </span>
    </p>
   </div>
   <div class='ocr_carea' id='block_1_8' title="bbox 158 1474 1192 1633">
    <p class='ocr_par' dir='ltr' id='par_1_8' title="bbox 158 1474 1192 1633">
     <span class='ocr_line' id='line_1_13' title="bbox 158 1474 1192 1616; baseline 0 -66"><span class='ocrx_word' id='word_1_87' title='bbox 158 1506 172 1567; x_wconf 65' lang='lat' dir='ltr'>q</span> <span class='ocrx_word' id='word_1_88' title='bbox 184 1503 205 1551; x_wconf 87' lang='lat'>1.</span> <span class='ocrx_word' id='word_1_89' title='bbox 217 1504 232 1532; x_wconf 70' lang='lat'><em>⁶</em></span> <span class='ocrx_word' id='word_1_90' title='bbox 244 1508 268 1552; x_wconf 87' lang='lat'>1.</span> <span class='ocrx_word' id='word_1_91' title='bbox 280 1504 415 1568; x_wconf 81' lang='lat' dir='ltr'>(Quantum</span> <span class='ocrx_word' id='word_1_92' title='bbox 426 1520 469 1567; x_wconf 87' lang='lat' dir='ltr'>pro</span> <span class='ocrx_word' id='word_1_93' title='bbox 480 1510 574 1555; x_wconf 85' lang='lat' dir='ltr'>tontum</span> <span class='ocrx_word' id='word_1_94' title='bbox 583 1507 656 1581; x_wconf 34' lang='lat' dir='ltr'>enirn,-</span> <span class='ocrx_word' id='word_1_95' title='bbox 665 1506 703 1616; x_wconf 63' lang='lat' dir='ltr'>vell</span> <span class='ocrx_word' id='word_1_96' title='bbox 714 1521 757 1568; x_wconf 88' lang='lat' dir='ltr'>pro</span> <span class='ocrx_word' id='word_1_97' title='bbox 769 1510 795 1554; x_wconf 88' lang='lat' dir='ltr'>nt</span> <span class='ocrx_word' id='word_1_98' title='bbox 806 1507 916 1560; x_wconf 85' lang='lat' dir='ltr'>multum,</span> <span class='ocrx_word' id='word_1_99' title='bbox 926 1505 965 1551; x_wconf 86' lang='lat' dir='ltr'>vel</span> <span class='ocrx_word' id='word_1_100' title='bbox 975 1503 1045 1552; x_wconf 80' lang='lat' dir='ltr'>simili</span> <span class='ocrx_word' id='word_1_101' title='bbox 1054 1474 1160 1566; x_wconf 83' lang='lat' dir='ltr'>quadem</span> <span class='ocrx_word' id='word_1_102' title='bbox 1189 1521 1192 1525; x_wconf 88' lang='lat'><strong>·</strong></span> 
     </span>
     <span class='ocr_line' id='line_1_14' title="bbox 596 1579 722 1633; baseline 0.024 -18"><span class='ocrx_word' id='word_1_103' title='bbox 596 1579 688 1633; x_wconf 80' lang='lat' dir='ltr'>partrcu</span> <span class='ocrx_word' id='word_1_104' title='bbox 700 1585 722 1618; x_wconf 83' lang='lat' dir='ltr'>a.</span> 
     </span>
    </p>
   </div>
   <div class='ocr_carea' id='block_1_9' title="bbox 113 1647 1295 2036">
    <p class='ocr_par' dir='ltr' id='par_1_9' title="bbox 113 1647 1204 1775">
     <span class='ocr_line' id='line_1_15' title="bbox 146 1647 1204 1713; baseline -0.002 -15"><span class='ocrx_word' id='word_1_105' title='bbox 146 1648 249 1711; x_wconf 74' lang='lat' dir='ltr'>Sallust.</span> <span class='ocrx_word' id='word_1_106' title='bbox 258 1650 377 1709; x_wconf 76' lang='lat' dir='ltr'>Jugortl.</span> <span class='ocrx_word' id='word_1_107' title='bbox 386 1665 409 1698; x_wconf 89' lang='lat' dir='ltr'>c.</span> <span class='ocrx_word' id='word_1_108' title='bbox 421 1653 461 1698; x_wconf 87' lang='grc'>31.</span> <span class='ocrx_word' id='word_1_109' title='bbox 478 1649 544 1697; x_wconf 83' lang='lat' dir='ltr'>Nam</span> <span class='ocrx_word' id='word_1_110' title='bbox 554 1657 579 1697; x_wconf 90' lang='lat' dir='ltr'>et</span> <span class='ocrx_word' id='word_1_111' title='bbox 593 1650 666 1706; x_wconf 89' lang='lat' dir='ltr'>illius,</span> <span class='ocrx_word' id='word_1_112' title='bbox 685 1656 798 1712; x_wconf 88' lang='lat' dir='ltr'>quantum</span> <span class='ocrx_word' id='word_1_113' title='bbox 813 1647 999 1713; x_wconf 74' lang='lat' dir='ltr'>importunitatis</span> <span class='ocrx_word' id='word_1_114' title='bbox 1013 1647 1111 1704; x_wconf 87' lang='lat' dir='ltr'>babent,</span> <span class='ocrx_word' id='word_1_115' title='bbox 1122 1662 1204 1711; x_wconf 84' lang='lat' dir='ltr'>parurn</span> 
     </span>
     <span class='ocr_line' id='line_1_16' title="bbox 113 1714 448 1775; baseline 0 -14"><span class='ocrx_word' id='word_1_116' title='bbox 113 1722 164 1770; x_wconf 89' lang='lat' dir='ltr'>est,</span> <span class='ocrx_word' id='word_1_117' title='bbox 174 1715 271 1775; x_wconf 91' lang='lat' dir='ltr'>impune</span> <span class='ocrx_word' id='word_1_118' title='bbox 281 1715 344 1760; x_wconf 86' lang='lat' dir='ltr'>male</span> <span class='ocrx_word' id='word_1_119' title='bbox 355 1714 448 1761; x_wconf 86' lang='lat' dir='ltr'>iecisse.</span> 
     </span>
    </p>

    <p class='ocr_par' dir='ltr' id='par_1_10' title="bbox 113 1775 1295 2036">
     <span class='ocr_line' id='line_1_17' title="bbox 148 1775 1295 1842; baseline 0 -16"><span class='ocrx_word' id='word_1_120' title='bbox 148 1779 225 1826; x_wconf 90' lang='lat' dir='ltr'>Immo</span> <span class='ocrx_word' id='word_1_121' title='bbox 240 1775 329 1825; x_wconf 85' lang='lat' dir='ltr'>dicium</span> <span class='ocrx_word' id='word_1_122' title='bbox 345 1785 382 1824; x_wconf 83' lang='lat' dir='ltr'>est</span> <span class='ocrx_word' id='word_1_123' title='bbox 395 1792 438 1839; x_wconf 88' lang='lat' dir='ltr'>pro</span> <span class='ocrx_word' id='word_1_124' title='bbox 455 1777 545 1839; x_wconf 84' lang='lat' dir='ltr'>vulgari</span> <span class='ocrx_word' id='word_1_125' title='bbox 560 1779 616 1826; x_wconf 87' lang='lat' dir='ltr'>illo:</span> <span class='ocrx_word' id='word_1_126' title='bbox 641 1794 684 1841; x_wconf 85' lang='lat' dir='ltr'>pro</span> <span class='ocrx_word' id='word_1_127' title='bbox 705 1777 886 1840; x_wconf 73' lang='lat' dir='ltr'>importunitate</span> <span class='ocrx_word' id='word_1_128' title='bbox 908 1793 960 1833; x_wconf 84' lang='lat' dir='ltr'>suu,</span> <span class='ocrx_word' id='word_1_129' title='bbox 976 1792 1019 1842; x_wconf 88' lang='lat' dir='ltr'>pro</span> <span class='ocrx_word' id='word_1_130' title='bbox 1034 1793 1070 1833; x_wconf 88' lang='lat' dir='ltr'>en,</span> <span class='ocrx_word' id='word_1_131' title='bbox 1087 1791 1133 1839; x_wconf 84' lang='lat' dir='ltr'>qun</span> <span class='ocrx_word' id='word_1_132' title='bbox 1147 1782 1203 1826; x_wconf 85' lang='lat' dir='ltr'>sunt</span> <span class='ocrx_word' id='word_1_133' title='bbox 1294 1804 1295 1808; x_wconf 63' lang='lat'><em>=</em></span> 
     </span>
     <span class='ocr_line' id='line_1_18' title="bbox 113 1841 1205 1905; baseline 0 -15"><span class='ocrx_word' id='word_1_134' title='bbox 113 1843 305 1905; x_wconf 75' lang='lat' dir='ltr'>importunitate.</span> <span class='ocrx_word' id='word_1_135' title='bbox 337 1843 420 1890; x_wconf 84' lang='lat' dir='ltr'>Simile</span> <span class='ocrx_word' id='word_1_136' title='bbox 431 1849 468 1889; x_wconf 90' lang='lat' dir='ltr'>est</span> <span class='ocrx_word' id='word_1_137' title='bbox 478 1843 539 1889; x_wconf 89' lang='lat' dir='ltr'>illud</span> <span class='ocrx_word' id='word_1_138' title='bbox 552 1845 673 1892; x_wconf 79' lang='lat' dir='ltr'>Ciceronis</span> <span class='ocrx_word' id='word_1_139' title='bbox 683 1846 714 1892; x_wconf 87' lang='lat' dir='ltr'>ud</span> <span class='ocrx_word' id='word_1_140' title='bbox 727 1843 952 1897; x_wconf 48' lang='lat' dir='ltr'>Trebulanum,</span> <span class='ocrx_word' id='word_1_141' title='bbox 964 1844 999 1896; x_wconf 88' lang='lat' dir='ltr'>ni,</span> <span class='ocrx_word' id='word_1_142' title='bbox 1011 1857 1064 1905; x_wconf 82' lang='lat' dir='ltr'>quae</span> <span class='ocrx_word' id='word_1_143' title='bbox 1074 1847 1115 1888; x_wconf 83' lang='lat' dir='ltr'>tua</span> <span class='ocrx_word' id='word_1_144' title='bbox 1130 1841 1205 1904; x_wconf 88' lang='lat' dir='ltr'>gloria</span> 
     </span>
     <span class='ocr_line' id='line_1_19' title="bbox 114 1903 1206 1972; baseline 0.002 -18"><span class='ocrx_word' id='word_1_145' title='bbox 114 1915 162 1963; x_wconf 80' lang='lat' dir='ltr'>est,</span> <span class='ocrx_word' id='word_1_146' title='bbox 173 1907 262 1954; x_wconf 78' lang='lat' dir='ltr'>laudari</span> <span class='ocrx_word' id='word_1_147' title='bbox 273 1907 350 1961; x_wconf 80' lang='lat' dir='ltr'>malis,</span> <span class='ocrx_word' id='word_1_148' title='bbox 365 1922 437 1969; x_wconf 89' lang='lat' dir='ltr'>quam</span> <span class='ocrx_word' id='word_1_149' title='bbox 452 1907 562 1956; x_wconf 86' lang='lat' dir='ltr'>inaurari.</span> <span class='ocrx_word' id='word_1_150' title='bbox 579 1907 597 1955; x_wconf 87' lang='lat' dir='ltr'>i.</span> <span class='ocrx_word' id='word_1_151' title='bbox 607 1922 627 1955; x_wconf 90' lang='lat' dir='ltr'>e.</span> <span class='ocrx_word' id='word_1_152' title='bbox 643 1922 685 1972; x_wconf 85' lang='lat' dir='ltr'>pro</span> <span class='ocrx_word' id='word_1_153' title='bbox 695 1903 737 1955; x_wconf 83' lang='lat' dir='ltr'>tua&#39;</span> <span class='ocrx_word' id='word_1_154' title='bbox 745 1907 836 1972; x_wconf 79' lang='lat' dir='ltr'>gloriar</span> <span class='ocrx_word' id='word_1_155' title='bbox 853 1908 896 1970; x_wconf 91' lang='lat' dir='ltr'>qui</span> <span class='ocrx_word' id='word_1_156' title='bbox 905 1907 989 1955; x_wconf 88' lang='lat' dir='ltr'>modus</span> <span class='ocrx_word' id='word_1_157' title='bbox 999 1906 1112 1970; x_wconf 89' lang='lat' dir='ltr'>loquendi</span> <span class='ocrx_word' id='word_1_158' title='bbox 1122 1908 1206 1956; x_wconf 89' lang='lat' dir='ltr'>multis</span> 
     </span>
     <span class='ocr_line' id='line_1_20' title="bbox 115 1970 389 2036; baseline 0 -17"><span class='ocrx_word' id='word_1_159' title='bbox 115 1970 172 2019; x_wconf 84' lang='lat' dir='ltr'>aliis</span> <span class='ocrx_word' id='word_1_160' title='bbox 181 1973 242 2020; x_wconf 90' lang='lat' dir='ltr'>locis</span> <span class='ocrx_word' id='word_1_161' title='bbox 252 1971 389 2036; x_wconf 84' lang='lat' dir='ltr'>reperitur.)</span> 
     </span>
    </p>
   </div>
   <div class='ocr_carea' id='block_1_10' title="bbox 360 2084 961 2144">
    <p class='ocr_par' dir='ltr' id='par_1_11' title="bbox 360 2084 961 2144">
     <span class='ocr_line' id='line_1_21' title="bbox 360 2084 961 2144; baseline 0 -12"><span class='ocrx_word' id='word_1_162' title='bbox 360 2087 384 2132; x_wconf 92' lang='grc'>2.</span> <span class='ocrx_word' id='word_1_163' title='bbox 402 2085 524 2140; x_wconf 78' lang='lat' dir='ltr'>Quantum</span> <span class='ocrx_word' id='word_1_164' title='bbox 535 2084 641 2132; x_wconf 85' lang='lat' dir='ltr'>absolute</span> <span class='ocrx_word' id='word_1_165' title='bbox 651 2101 658 2143; x_wconf 84' lang='lat'>3</span> <span class='ocrx_word' id='word_1_166' title='bbox 674 2101 701 2134; x_wconf 79' lang='lat' dir='ltr'>us</span> <span class='ocrx_word' id='word_1_167' title='bbox 712 2086 781 2134; x_wconf 78' lang='lat' dir='ltr'>muci</span> <span class='ocrx_word' id='word_1_168' title='bbox 790 2101 825 2141; x_wconf 83' lang='lat' dir='ltr'>ns,</span> <span class='ocrx_word' id='word_1_169' title='bbox 836 2085 912 2144; x_wconf 77' lang='lat' dir='ltr'>assor</span> <span class='ocrx_word' id='word_1_170' title='bbox 925 2100 961 2134; x_wconf 81' lang='lat' dir='ltr'>os.</span> 
     </span>
    </p>
   </div>
   <div class='ocr_carea' id='block_1_11' title="bbox 114 2164 1208 2614">
    <p class='ocr_par' dir='ltr' id='par_1_12' title="bbox 114 2164 1208 2614">
     <span class='ocr_line' id='line_1_22' title="bbox 154 2164 1206 2228; baseline 0 -14"><span class='ocrx_word' id='word_1_171' title='bbox 154 2167 276 2223; x_wconf 79' lang='lat' dir='ltr'>Quantum</span> <span class='ocrx_word' id='word_1_172' title='bbox 290 2165 428 2213; x_wconf 77' lang='lat' dir='ltr'>adverbium</span> <span class='ocrx_word' id='word_1_173' title='bbox 443 2180 475 2212; x_wconf 82' lang='lat' dir='ltr'>ex</span> <span class='ocrx_word' id='word_1_174' title='bbox 485 2164 591 2221; x_wconf 88' lang='lat' dir='ltr'>nomine,</span> <span class='ocrx_word' id='word_1_175' title='bbox 608 2181 670 2228; x_wconf 86' lang='lat' dir='ltr'>saepe</span> <span class='ocrx_word' id='word_1_176' title='bbox 687 2166 794 2214; x_wconf 84' lang='lat' dir='ltr'>absolute</span> <span class='ocrx_word' id='word_1_177' title='bbox 805 2166 910 2228; x_wconf 80' lang='lat' dir='ltr'>ponitur.</span> <span class='ocrx_word' id='word_1_178' title='bbox 930 2166 980 2215; x_wconf 79' lang='lat' dir='ltr'>cn.</span> <span class='ocrx_word' id='word_1_179' title='bbox 991 2164 1007 2212; x_wconf 95' lang='grc' dir='ltr'>Ι.</span> <span class='ocrx_word' id='word_1_180' title='bbox 1018 2170 1042 2212; x_wconf 84' lang='grc'>5.</span> <span class='ocrx_word' id='word_1_181' title='bbox 1054 2166 1123 2214; x_wconf 82' lang='lat' dir='ltr'>Fam.</span> <span class='ocrx_word' id='word_1_182' title='bbox 1134 2179 1170 2228; x_wconf 81' lang='lat' dir='ltr'>ep.</span> <span class='ocrx_word' id='word_1_183' title='bbox 1181 2169 1206 2214; x_wconf 88' lang='grc'>8.</span> 
     </span>
     <span class='ocr_line' id='line_1_23' title="bbox 114 2224 1206 2294; baseline -0.003 -16"><span class='ocrx_word' id='word_1_184' title='bbox 114 2231 281 2288; x_wconf 81' lang='lat' dir='ltr'>‘Quamobrem</span> <span class='ocrx_word' id='word_1_185' title='bbox 292 2239 326 2287; x_wconf 87' lang='lat' dir='ltr'>tu,</span> <span class='ocrx_word' id='word_1_186' title='bbox 338 2237 452 2292; x_wconf 84' lang='lat' dir='ltr'>quantum</span> <span class='ocrx_word' id='word_1_187' title='bbox 467 2229 536 2277; x_wconf 88' lang='lat' dir='ltr'>nobis</span> <span class='ocrx_word' id='word_1_188' title='bbox 546 2237 588 2277; x_wconf 89' lang='lat' dir='ltr'>tuo</span> <span class='ocrx_word' id='word_1_189' title='bbox 600 2224 695 2294; x_wconf 79' lang='lat' dir='ltr'>judicio‘</span> <span class='ocrx_word' id='word_1_190' title='bbox 709 2231 859 2278; x_wconf 87' lang='lat' dir='ltr'>tribuendum</span> <span class='ocrx_word' id='word_1_191' title='bbox 874 2244 928 2277; x_wconf 88' lang='lat' dir='ltr'>esse</span> <span class='ocrx_word' id='word_1_192' title='bbox 943 2237 1021 2292; x_wconf 90' lang='lat' dir='ltr'>putes,</span> <span class='ocrx_word' id='word_1_193' title='bbox 1034 2227 1129 2277; x_wconf 54' lang='lat' dir='ltr'>¹statues</span> <span class='ocrx_word' id='word_1_194' title='bbox 1146 2229 1206 2290; x_wconf 88' lang='lat' dir='ltr'>ipse.</span> 
     </span>
     <span class='ocr_line' id='line_1_24' title="bbox 119 2294 1208 2358; baseline -0.004 -11"><span class='ocrx_word' id='word_1_195' title='bbox 119 2296 159 2347; x_wconf 82' lang='lat' dir='ltr'>lb.</span> <span class='ocrx_word' id='word_1_196' title='bbox 171 2296 189 2342; x_wconf 90' lang='lat' dir='ltr'>l.</span> <span class='ocrx_word' id='word_1_197' title='bbox 197 2301 221 2346; x_wconf 82' lang='grc'>6.</span> <span class='ocrx_word' id='word_1_198' title='bbox 229 2310 265 2357; x_wconf 89' lang='lat' dir='ltr'>ep.</span> <span class='ocrx_word' id='word_1_199' title='bbox 276 2299 316 2343; x_wconf 90' lang='grc'>11.</span> <span class='ocrx_word' id='word_1_200' title='bbox 334 2295 452 2351; x_wconf 84' lang='lat' dir='ltr'>Quantum</span> <span class='ocrx_word' id='word_1_201' title='bbox 461 2295 559 2358; x_wconf 83' lang='lat' dir='ltr'>quidem</span> <span class='ocrx_word' id='word_1_202' title='bbox 565 2310 609 2358; x_wconf 83' lang='lat' dir='ltr'>ego</span> <span class='ocrx_word' id='word_1_203' title='bbox 615 2296 747 2358; x_wconf 81' lang='lat' dir='ltr'>intelligere</span> <span class='ocrx_word' id='word_1_204' title='bbox 757 2304 888 2358; x_wconf 83' lang='lat' dir='ltr'>potueram.</span> <span class='ocrx_word' id='word_1_205' title='bbox 919 2294 982 2343; x_wconf 84' lang='lat' dir='ltr'>Id.l.</span> <span class='ocrx_word' id='word_1_206' title='bbox 991 2295 1156 2343; x_wconf 73' lang='lat' dir='ltr'>l-deOrnt.c.</span> <span class='ocrx_word' id='word_1_207' title='bbox 1165 2297 1208 2344; x_wconf 91' lang='grc'>21.</span> 
     </span>
     <span class='ocr_line' id='line_1_25' title="bbox 120 2358 1208 2422; baseline 0 -16"><span class='ocrx_word' id='word_1_208' title='bbox 120 2359 173 2422; x_wconf 79' lang='lat' dir='ltr'>Ego</span> <span class='ocrx_word' id='word_1_209' title='bbox 189 2361 317 2422; x_wconf 86' lang='lat' dir='ltr'>(quantum</span> <span class='ocrx_word' id='word_1_210' title='bbox 327 2373 429 2421; x_wconf 86' lang='lat' dir='ltr'>auguror</span> <span class='ocrx_word' id='word_1_211' title='bbox 439 2359 590 2422; x_wconf 81' lang='lat' dir='ltr'>conjectura)</span> <span class='ocrx_word' id='word_1_212' title='bbox 605 2375 654 2406; x_wconf 91' lang='lat' dir='ltr'>non</span> <span class='ocrx_word' id='word_1_213' title='bbox 669 2361 768 2422; x_wconf 86' lang='lat' dir='ltr'>despero</span> <span class='ocrx_word' id='word_1_214' title='bbox 783 2360 833 2406; x_wconf 81' lang='lat' dir='ltr'>iore</span> <span class='ocrx_word' id='word_1_215' title='bbox 848 2358 959 2422; x_wconf 78' lang='lat' dir='ltr'>aliquem.</span> <span class='ocrx_word' id='word_1_216' title='bbox 991 2358 1031 2407; x_wconf 82' lang='lat' dir='ltr'>ld.</span> <span class='ocrx_word' id='word_1_217' title='bbox 1047 2359 1065 2407; x_wconf 91' lang='lat' dir='ltr'>l.</span> <span class='ocrx_word' id='word_1_218' title='bbox 1073 2364 1097 2408; x_wconf 91' lang='lat'>1.</span> <span class='ocrx_word' id='word_1_219' title='bbox 1108 2361 1137 2408; x_wconf 88' lang='lat' dir='ltr'>de</span> <span class='ocrx_word' id='word_1_220' title='bbox 1147 2358 1208 2420; x_wconf 78' lang='lat' dir='ltr'>Leg.</span> 
     </span>
     <span class='ocr_line' id='line_1_26' title="bbox 121 2422 1207 2487; baseline -0.001 -15"><span class='ocrx_word' id='word_1_221' title='bbox 121 2441 144 2472; x_wconf 83' lang='lat' dir='ltr'>c.</span> <span class='ocrx_word' id='word_1_222' title='bbox 156 2428 180 2472; x_wconf 87' lang='grc'>3.</span> <span class='ocrx_word' id='word_1_223' title='bbox 200 2425 259 2471; x_wconf 81' lang='lat' dir='ltr'>Haec</span> <span class='ocrx_word' id='word_1_224' title='bbox 268 2425 310 2470; x_wconf 88' lang='lat' dir='ltr'>lex</span> <span class='ocrx_word' id='word_1_225' title='bbox 320 2423 402 2471; x_wconf 89' lang='lat' dir='ltr'>Attico</span> <span class='ocrx_word' id='word_1_226' title='bbox 412 2434 490 2470; x_wconf 90' lang='lat' dir='ltr'>nostro</span> <span class='ocrx_word' id='word_1_227' title='bbox 497 2438 545 2469; x_wconf 92' lang='lat' dir='ltr'>non</span> <span class='ocrx_word' id='word_1_228' title='bbox 555 2424 642 2485; x_wconf 83' lang='lat' dir='ltr'>placet,</span> <span class='ocrx_word' id='word_1_229' title='bbox 652 2431 766 2486; x_wconf 88' lang='lat' dir='ltr'>quantum</span> <span class='ocrx_word' id='word_1_230' title='bbox 777 2439 808 2471; x_wconf 87' lang='lat' dir='ltr'>ex</span> <span class='ocrx_word' id='word_1_231' title='bbox 817 2425 883 2470; x_wconf 86' lang='lat' dir='ltr'>vultu</span> <span class='ocrx_word' id='word_1_232' title='bbox 896 2424 946 2487; x_wconf 88' lang='lat' dir='ltr'>ejus</span> <span class='ocrx_word' id='word_1_233' title='bbox 955 2422 1072 2484; x_wconf 81' lang='lat' dir='ltr'>intelligo.</span> <span class='ocrx_word' id='word_1_234' title='bbox 1105 2423 1143 2470; x_wconf 85' lang='lat' dir='ltr'>ld.</span> <span class='ocrx_word' id='word_1_235' title='bbox 1155 2423 1173 2469; x_wconf 88' lang='lat'>1.</span> <span class='ocrx_word' id='word_1_236' title='bbox 1181 2427 1207 2471; x_wconf 90' lang='grc'>2.</span> 
     </span>
     <span class='ocr_line' id='line_1_27' title="bbox 120 2485 1207 2551; baseline -0.002 -15"><span class='ocrx_word' id='word_1_237' title='bbox 120 2490 150 2536; x_wconf 91' lang='lat' dir='ltr'>de</span> <span class='ocrx_word' id='word_1_238' title='bbox 164 2489 316 2537; x_wconf 72' lang='lat' dir='ltr'>Orate-19.</span> <span class='ocrx_word' id='word_1_239' title='bbox 333 2487 381 2536; x_wconf 88' lang='lat' dir='ltr'>Sed</span> <span class='ocrx_word' id='word_1_240' title='bbox 397 2495 478 2535; x_wconf 84' lang='lat' dir='ltr'>tomen</span> <span class='ocrx_word' id='word_1_241' title='bbox 488 2495 525 2535; x_wconf 87' lang='lat' dir='ltr'>ost</span> <span class='ocrx_word' id='word_1_242' title='bbox 540 2502 623 2535; x_wconf 91' lang='lat' dir='ltr'>eorum</span> <span class='ocrx_word' id='word_1_243' title='bbox 641 2485 757 2545; x_wconf 84' lang='lat' dir='ltr'>doctrina,</span> <span class='ocrx_word' id='word_1_244' title='bbox 778 2495 891 2551; x_wconf 86' lang='lat' dir='ltr'>quantum</span> <span class='ocrx_word' id='word_1_245' title='bbox 908 2502 954 2549; x_wconf 81' lang='lat' dir='ltr'>ego</span> <span class='ocrx_word' id='word_1_246' title='bbox 974 2486 1083 2550; x_wconf 84' lang='lat' dir='ltr'>judicare</span> <span class='ocrx_word' id='word_1_247' title='bbox 1101 2500 1207 2550; x_wconf 87' lang='lat' dir='ltr'>possum,</span> 
     </span>
     <span class='ocr_line' id='line_1_28' title="bbox 119 2547 1093 2614; baseline 0.001 -15"><span class='ocrx_word' id='word_1_248' title='bbox 119 2552 275 2614; x_wconf 82' lang='lat' dir='ltr'>perridicula.</span> <span class='ocrx_word' id='word_1_249' title='bbox 543 2569 546 2574; x_wconf 91' lang='lat'>·</span> <span class='ocrx_word' id='word_1_250' title='bbox 602 2547 605 2559; x_wconf 87' lang='grc'>’</span> <span class='ocrx_word' id='word_1_251' title='bbox 1089 2547 1093 2554; x_wconf 87' lang='grc'><strong>’</strong></span> 
     </span>
    </p>
   </div>
   <div class='ocr_carea' id='block_1_12' title="bbox 223 2663 1090 2728">
    <p class='ocr_par' dir='ltr' id='par_1_13' title="bbox 223 2663 1090 2728">
     <span class='ocr_line' id='line_1_29' title="bbox 223 2663 1090 2728; baseline -0.003 -14"><span class='ocrx_word' id='word_1_252' title='bbox 223 2712 227 2727; x_wconf 64' lang='grc'><em>,</em></span> <span class='ocrx_word' id='word_1_253' title='bbox 240 2663 252 2687; x_wconf 80' lang='lat'><em>&#39;</em></span> <span class='ocrx_word' id='word_1_254' title='bbox 261 2670 285 2714; x_wconf 91' lang='grc'>3.</span> <span class='ocrx_word' id='word_1_255' title='bbox 303 2666 424 2721; x_wconf 83' lang='lat' dir='ltr'>Quantum</span> <span class='ocrx_word' id='word_1_256' title='bbox 439 2672 495 2728; x_wconf 90' lang='lat' dir='ltr'>post</span> <span class='ocrx_word' id='word_1_257' title='bbox 507 2664 577 2712; x_wconf 87' lang='lat' dir='ltr'>verba</span> <span class='ocrx_word' id='word_1_258' title='bbox 591 2665 728 2714; x_wconf 77' lang='lat' dir='ltr'>incredibile</span> <span class='ocrx_word' id='word_1_259' title='bbox 736 2668 782 2720; x_wconf 87' lang='lat' dir='ltr'>est,</span> <span class='ocrx_word' id='word_1_260' title='bbox 793 2671 840 2711; x_wconf 87' lang='lat' dir='ltr'>cet.</span> <span class='ocrx_word' id='word_1_261' title='bbox 852 2679 897 2726; x_wconf 91' lang='lat' dir='ltr'>pro</span> <span class='ocrx_word' id='word_1_262' title='bbox 905 2676 974 2726; x_wconf 85' lang='lat' dir='ltr'>quum</span> <span class='ocrx_word' id='word_1_263' title='bbox 983 2664 1090 2711; x_wconf 84' lang='lat' dir='ltr'>multum.</span> 
     </span>
    </p>
   </div>
   <div class='ocr_carea' id='block_1_13' title="bbox 121 2722 1208 2874">
    <p class='ocr_par' dir='ltr' id='par_1_14' title="bbox 121 2722 1208 2874">
     <span class='ocr_line' id='line_1_30' title="bbox 156 2722 1208 2809; baseline -0.001 -15"><span class='ocrx_word' id='word_1_264' title='bbox 156 2737 399 2809; x_wconf 76' lang='lat' dir='ltr'>cn.1.1s&#39;.An.ep.</span> <span class='ocrx_word' id='word_1_265' title='bbox 411 2749 451 2793; x_wconf 88' lang='grc'><strong>26.</strong></span> <span class='ocrx_word' id='word_1_266' title='bbox 478 2744 599 2794; x_wconf 85' lang='lat' dir='ltr'>Credibile</span> <span class='ocrx_word' id='word_1_267' title='bbox 618 2760 665 2793; x_wconf 89' lang='lat' dir='ltr'>non</span> <span class='ocrx_word' id='word_1_268' title='bbox 681 2753 726 2799; x_wconf 85' lang='lat' dir='ltr'>est,</span> <span class='ocrx_word' id='word_1_269' title='bbox 744 2756 858 2807; x_wconf 81' lang='lat' dir='ltr'>quantum</span> <span class='ocrx_word' id='word_1_270' title='bbox 877 2741 977 2792; x_wconf 87' lang='lat' dir='ltr'>scribam</span> <span class='ocrx_word' id='word_1_271' title='bbox 996 2742 1044 2798; x_wconf 88' lang='lat' dir='ltr'>die,</span> <span class='ocrx_word' id='word_1_272' title='bbox 1061 2741 1119 2804; x_wconf 88' lang='lat' dir='ltr'>quin</span> <span class='ocrx_word' id='word_1_273' title='bbox 1135 2722 1208 2793; x_wconf 73' lang='lat' dir='ltr'>etiam</span> 
     </span>
     <span class='ocr_line' id='line_1_31' title="bbox 121 2805 1182 2874; baseline -0.005 -16"><span class='ocrx_word' id='word_1_274' title='bbox 121 2810 240 2858; x_wconf 85' lang='lat' dir='ltr'>noctibus.</span> <span class='ocrx_word' id='word_1_275' title='bbox 274 2811 313 2859; x_wconf 84' lang='lat' dir='ltr'>Id.</span> <span class='ocrx_word' id='word_1_276' title='bbox 323 2810 381 2858; x_wconf 85' lang='lat' dir='ltr'>ibid.</span> <span class='ocrx_word' id='word_1_277' title='bbox 393 2826 429 2874; x_wconf 84' lang='lat' dir='ltr'>ep.</span> <span class='ocrx_word' id='word_1_278' title='bbox 439 2814 463 2858; x_wconf 90' lang='grc'><strong>2.</strong></span> <span class='ocrx_word' id='word_1_279' title='bbox 480 2809 532 2856; x_wconf 84' lang='lat' dir='ltr'>Hac</span> <span class='ocrx_word' id='word_1_280' title='bbox 542 2825 578 2865; x_wconf 89' lang='lat' dir='ltr'>re,</span> <span class='ocrx_word' id='word_1_281' title='bbox 588 2809 728 2856; x_wconf 88' lang='lat' dir='ltr'>incredibile</span> <span class='ocrx_word' id='word_1_282' title='bbox 739 2817 784 2865; x_wconf 84' lang='lat' dir='ltr'>est,</span> <span class='ocrx_word' id='word_1_283' title='bbox 795 2815 907 2871; x_wconf 87' lang='lat' dir='ltr'>quantum</span> <span class='ocrx_word' id='word_1_284' title='bbox 918 2807 1028 2855; x_wconf 87' lang='lat' dir='ltr'>civitates</span> <span class='ocrx_word' id='word_1_285' title='bbox 1037 2805 1182 2853; x_wconf 85' lang='lat' dir='ltr'>emerserint.</span> 
     </span>
    </p>
   </div>
   <div class='ocr_carea' id='block_1_14' title="bbox 122 2920 1209 3051">
    <p class='ocr_par' dir='ltr' id='par_1_15' title="bbox 122 2920 1209 3051">
     <span class='ocr_line' id='line_1_32' title="bbox 122 2920 1209 2987; baseline -0.002 -16"><span class='ocrx_word' id='word_1_286' title='bbox 122 2925 148 2974; x_wconf 88' lang='grc'>4.</span> <span class='ocrx_word' id='word_1_287' title='bbox 168 2922 289 2977; x_wconf 84' lang='lat' dir='ltr'>Quantum</span> <span class='ocrx_word' id='word_1_288' title='bbox 298 2922 325 2969; x_wconf 87' lang='lat' dir='ltr'>in</span> <span class='ocrx_word' id='word_1_289' title='bbox 341 2937 386 2977; x_wconf 78' lang='lat' dir='ltr'>nne,</span> <span class='ocrx_word' id='word_1_290' title='bbox 396 2921 422 2970; x_wconf 89' lang='lat' dir='ltr'>in</span> <span class='ocrx_word' id='word_1_291' title='bbox 440 2925 473 2981; x_wconf 87' lang='lat' dir='ltr'>te,</span> <span class='ocrx_word' id='word_1_292' title='bbox 488 2921 577 2984; x_wconf 85' lang='lat' dir='ltr'>inipso</span> <span class='ocrx_word' id='word_1_293' title='bbox 593 2928 628 2971; x_wconf 86' lang='lat' dir='ltr'>est</span> <span class='ocrx_word' id='word_1_294' title='bbox 636 2937 646 2979; x_wconf 89' lang='lat'>,·</span> <span class='ocrx_word' id='word_1_295' title='bbox 661 2937 688 2987; x_wconf 77' lang='lat' dir='ltr'>os</span> <span class='ocrx_word' id='word_1_296' title='bbox 703 2922 771 2970; x_wconf 74' lang='lat' dir='ltr'>enneli</span> <span class='ocrx_word' id='word_1_297' title='bbox 786 2937 813 2970; x_wconf 79' lang='lat' dir='ltr'>us</span> <span class='ocrx_word' id='word_1_298' title='bbox 824 2923 925 2982; x_wconf 80' lang='lat' dir='ltr'>depende</span> <span class='ocrx_word' id='word_1_299' title='bbox 935 2936 964 2969; x_wconf 84' lang='lat' dir='ltr'>on</span> <span class='ocrx_word' id='word_1_300' title='bbox 980 2935 1026 2983; x_wconf 86' lang='lat' dir='ltr'>me,</span> <span class='ocrx_word' id='word_1_301' title='bbox 1041 2935 1096 2984; x_wconf 77' lang='lat' dir='ltr'>pon,</span> <span class='ocrx_word' id='word_1_302' title='bbox 1108 2935 1136 2968; x_wconf 79' lang='lat' dir='ltr'>or·</span> <span class='ocrx_word' id='word_1_303' title='bbox 1145 2920 1209 2980; x_wconf 78' lang='lat' dir='ltr'>tim,-</span> 
     </span>
     <span class='ocr_line' id='line_1_33' title="bbox 362 2986 901 3051; baseline 0 -18"><span class='ocrx_word' id='word_1_304' title='bbox 362 3007 364 3012; x_wconf 95' lang='lat'>·</span> <span class='ocrx_word' id='word_1_305' title='bbox 428 3001 459 3033; x_wconf 79' lang='lat' dir='ltr'>us·</span> <span class='ocrx_word' id='word_1_306' title='bbox 466 2986 511 3045; x_wconf 80' lang='lat' dir='ltr'>fur</span> <span class='ocrx_word' id='word_1_307' title='bbox 521 3002 547 3034; x_wconf 84' lang='lat' dir='ltr'>nn</span> <span class='ocrx_word' id='word_1_308' title='bbox 558 2986 581 3041; x_wconf 87' lang='grc' dir='ltr'>Ι,</span> <span class='ocrx_word' id='word_1_309' title='bbox 597 3002 651 3051; x_wconf 78' lang='lat' dir='ltr'>pon,</span> <span class='ocrx_word' id='word_1_310' title='bbox 659 3002 686 3034; x_wconf 89' lang='lat' dir='ltr'>or</span> <span class='ocrx_word' id='word_1_311' title='bbox 696 2987 725 3034; x_wconf 87' lang='lat' dir='ltr'>be</span> <span class='ocrx_word' id='word_1_312' title='bbox 736 2987 757 3034; x_wconf 86' lang='lat' dir='ltr'>is</span> <span class='ocrx_word' id='word_1_313' title='bbox 766 2988 901 3034; x_wconf 81' lang='lat' dir='ltr'>concerned.</span> 
     </span>
    </p>
   </div>
   <div class='ocr_carea' id='block_1_15' title="bbox 121 3060 1213 3455">
    <p class='ocr_par' dir='ltr' id='par_1_16' title="bbox 121 3060 1213 3455">
     <span class='ocr_line' id='line_1_34' title="bbox 156 3060 1210 3141; baseline -0.002 -27"><span class='ocrx_word' id='word_1_314' title='bbox 156 3066 213 3114; x_wconf 88' lang='lat' dir='ltr'>Huc</span> <span class='ocrx_word' id='word_1_315' title='bbox 222 3066 344 3130; x_wconf 87' lang='lat' dir='ltr'>pertinent</span> <span class='ocrx_word' id='word_1_316' title='bbox 353 3064 411 3140; x_wconf 83' lang='lat' dir='ltr'>illa:</span> <span class='ocrx_word' id='word_1_317' title='bbox 430 3060 544 3141; x_wconf 80' lang='lat' dir='ltr'>qnantum</span> <span class='ocrx_word' id='word_1_318' title='bbox 559 3067 587 3114; x_wconf 88' lang='lat' dir='ltr'>in</span> <span class='ocrx_word' id='word_1_319' title='bbox 603 3083 648 3123; x_wconf 84' lang='lat' dir='ltr'>nte,</span> <span class='ocrx_word' id='word_1_320' title='bbox 670 3069 738 3122; x_wconf 84' lang='lat' dir='ltr'>inte,</span> <span class='ocrx_word' id='word_1_321' title='bbox 750 3068 838 3130; x_wconf 84' lang='lat' dir='ltr'>inipso</span> <span class='ocrx_word' id='word_1_322' title='bbox 853 3072 898 3116; x_wconf 87' lang='lat' dir='ltr'>est.</span> <span class='ocrx_word' id='word_1_323' title='bbox 920 3066 1019 3141; x_wconf 59' lang='lat' dir='ltr'>Cinod</span> <span class='ocrx_word' id='word_1_324' title='bbox 1037 3066 1084 3121; x_wconf 73' lang='lat' dir='ltr'>Qu</span> <span class='ocrx_word' id='word_1_325' title='bbox 1096 3063 1139 3115; x_wconf 73' lang='lat' dir='ltr'>Fr.</span> <span class='ocrx_word' id='word_1_326' title='bbox 1156 3066 1174 3112; x_wconf 89' lang='lat' dir='ltr'>l.</span> <span class='ocrx_word' id='word_1_327' title='bbox 1184 3074 1210 3113; x_wconf 90' lang='lat' dir='ltr'>et</span> 
     </span>
     <span class='ocr_line' id='line_1_35' title="bbox 122 3130 1211 3260; baseline 0 -17"><span class='ocrx_word' id='word_1_328' title='bbox 122 3132 799 3260; x_wconf 55' lang='lat' dir='ltr'>inuidittitillabitnillil:</span> <span class='ocrx_word' id='word_1_329' title='bbox 808 3131 943 3259; x_wconf 67' lang='grc'><strong>1111.</strong></span> <span class='ocrx_word' id='word_1_330' title='bbox 952 3130 1211 3254; x_wconf 53' lang='lat' dir='ltr'>libitinam}</span> 
     </span>
     <span class='ocr_line' id='line_1_36' title="bbox 122 3259 1213 3335; baseline 0.002 -28"><span class='ocrx_word' id='word_1_331' title='bbox 122 3260 221 3335; x_wconf 73' lang='lat' dir='ltr'>inipso.</span> <span class='ocrx_word' id='word_1_332' title='bbox 253 3261 293 3310; x_wconf 87' lang='lat' dir='ltr'>Id.</span> <span class='ocrx_word' id='word_1_333' title='bbox 301 3276 346 3323; x_wconf 80' lang='lat' dir='ltr'>pro</span> <span class='ocrx_word' id='word_1_334' title='bbox 358 3261 382 3309; x_wconf 86' lang='lat' dir='ltr'><em>F</em></span> <span class='ocrx_word' id='word_1_335' title='bbox 382 3263 426 3310; x_wconf 83' lang='lat' dir='ltr'>loc·</span> <span class='ocrx_word' id='word_1_336' title='bbox 437 3278 458 3309; x_wconf 88' lang='lat' dir='ltr'>c.</span> <span class='ocrx_word' id='word_1_337' title='bbox 468 3263 509 3308; x_wconf 79' lang='grc'><strong>26.</strong></span> <span class='ocrx_word' id='word_1_338' title='bbox 526 3261 606 3311; x_wconf 81' lang='lat' dir='ltr'>Graeci</span> <span class='ocrx_word' id='word_1_339' title='bbox 616 3278 703 3311; x_wconf 89' lang='lat' dir='ltr'>nomen</span> <span class='ocrx_word' id='word_1_340' title='bbox 714 3262 803 3310; x_wconf 87' lang='lat' dir='ltr'>civium</span> <span class='ocrx_word' id='word_1_341' title='bbox 813 3261 982 3319; x_wconf 83' lang='lat' dir='ltr'>Romanorum,</span> <span class='ocrx_word' id='word_1_342' title='bbox 992 3269 1107 3324; x_wconf 85' lang='lat' dir='ltr'>quantum</span> <span class='ocrx_word' id='word_1_343' title='bbox 1116 3261 1143 3308; x_wconf 90' lang='lat' dir='ltr'>in</span> <span class='ocrx_word' id='word_1_344' title='bbox 1151 3259 1213 3324; x_wconf 87' lang='lat' dir='ltr'>ipsis</span> 
     </span>
     <span class='ocr_line' id='line_1_37' title="bbox 121 3322 1211 3455; baseline 0.002 -81"><span class='ocrx_word' id='word_1_345' title='bbox 121 3322 356 3455; x_wconf 49' lang='grc' dir='ltr'>ξιὲιὲἷξιέἑιὲίῐὲιιὲἑιζθ</span> <span class='ocrx_word' id='word_1_346' title='bbox 366 3326 548 3438; x_wconf 51' lang='lat' dir='ltr'>dleqepnqqsqircb.</span> <span class='ocrx_word' id='word_1_347' title='bbox 560 3343 582 3374; x_wconf 91' lang='lat' dir='ltr'>c.</span> <span class='ocrx_word' id='word_1_348' title='bbox 596 3332 618 3374; x_wconf 89' lang='grc'>1.</span> <span class='ocrx_word' id='word_1_349' title='bbox 634 3326 698 3376; x_wconf 91' lang='lat' dir='ltr'>Huic</span> <span class='ocrx_word' id='word_1_350' title='bbox 714 3328 820 3390; x_wconf 84' lang='lat' dir='ltr'>profecto</span> <span class='ocrx_word' id='word_1_351' title='bbox 837 3327 895 3390; x_wconf 90' lang='lat' dir='ltr'>ipsi,</span> <span class='ocrx_word' id='word_1_352' title='bbox 913 3335 1026 3389; x_wconf 73' lang='lat' dir='ltr'>quinorm</span> <span class='ocrx_word' id='word_1_353' title='bbox 1043 3336 1081 3375; x_wconf 90' lang='lat' dir='ltr'>est</span> <span class='ocrx_word' id='word_1_354' title='bbox 1096 3326 1168 3377; x_wconf 84' lang='lat' dir='ltr'>situm</span> <span class='ocrx_word' id='word_1_355' title='bbox 1184 3326 1211 3376; x_wconf 84' lang='lat' dir='ltr'>in</span> 
     </span>
    </p>
   </div>
   <div class='ocr_carea' id='block_1_16' title="bbox 438 3503 900 3562">
    <p class='ocr_par' dir='ltr' id='par_1_17' title="bbox 438 3503 900 3562">
     <span class='ocr_line' id='line_1_38' title="bbox 438 3503 900 3562; baseline 0.002 -11"><span class='ocrx_word' id='word_1_356' title='bbox 438 3503 483 3552; x_wconf 77' lang='grc'>’5.</span> <span class='ocrx_word' id='word_1_357' title='bbox 501 3505 680 3560; x_wconf 82' lang='lat' dir='ltr'>Quantum-id</span> <span class='ocrx_word' id='word_1_358' title='bbox 690 3520 765 3562; x_wconf 87' lang='lat' dir='ltr'>omne,</span> <span class='ocrx_word' id='word_1_359' title='bbox 776 3506 900 3554; x_wconf 82' lang='lat' dir='ltr'>bononne.</span> 
     </span>
    </p>
   </div>
   <div class='ocr_carea' id='block_1_17' title="bbox 124 3581 1216 3907">
    <p class='ocr_par' dir='ltr' id='par_1_18' title="bbox 124 3581 1216 3907">
     <span class='ocr_line' id='line_1_39' title="bbox 161 3581 1211 3646; baseline -0.002 -14"><span class='ocrx_word' id='word_1_360' title='bbox 161 3583 240 3632; x_wconf 71' lang='lat' dir='ltr'>ctat.</span> <span class='ocrx_word' id='word_1_361' title='bbox 252 3587 276 3630; x_wconf 90' lang='grc'>1.</span> <span class='ocrx_word' id='word_1_362' title='bbox 287 3583 357 3633; x_wconf 78' lang='lat' dir='ltr'>Fam·</span> <span class='ocrx_word' id='word_1_363' title='bbox 366 3599 402 3646; x_wconf 85' lang='lat' dir='ltr'>ep.</span> <span class='ocrx_word' id='word_1_364' title='bbox 413 3586 437 3631; x_wconf 85' lang='grc'>9.</span> <span class='ocrx_word' id='word_1_365' title='bbox 455 3584 576 3639; x_wconf 87' lang='lat' dir='ltr'>Quantum</span> <span class='ocrx_word' id='word_1_366' title='bbox 594 3583 679 3640; x_wconf 83' lang='lat' dir='ltr'>literis,</span> <span class='ocrx_word' id='word_1_367' title='bbox 696 3593 809 3646; x_wconf 86' lang='lat' dir='ltr'>quantum</span> <span class='ocrx_word' id='word_1_368' title='bbox 819 3584 916 3640; x_wconf 86' lang='lat' dir='ltr'>studiis,</span> <span class='ocrx_word' id='word_1_369' title='bbox 930 3583 1048 3632; x_wconf 84' lang='lat' dir='ltr'>veteribus</span> <span class='ocrx_word' id='word_1_370' title='bbox 1063 3581 1151 3630; x_wconf 73' lang='lat' dir='ltr'>nostris</span> <span class='ocrx_word' id='word_1_371' title='bbox 1168 3582 1211 3630; x_wconf 84' lang='lat' dir='ltr'>de·</span> 
     </span>
     <span class='ocr_line' id='line_1_40' title="bbox 125 3647 1213 3712; baseline -0.003 -16"><span class='ocrx_word' id='word_1_372' title='bbox 125 3647 304 3710; x_wconf 72' lang='lat' dir='ltr'>teruderinus,</span> <span class='ocrx_word' id='word_1_373' title='bbox 317 3649 432 3712; x_wconf 78' lang='lat' dir='ltr'>consequi</span> <span class='ocrx_word' id='word_1_374' title='bbox 444 3648 585 3711; x_wconf 88' lang='lat' dir='ltr'>poterimus,</span> <span class='ocrx_word' id='word_1_375' title='bbox 594 3647 621 3694; x_wconf 91' lang='lat' dir='ltr'>id</span> <span class='ocrx_word' id='word_1_376' title='bbox 634 3663 703 3695; x_wconf 87' lang='lat' dir='ltr'>omno</span> <span class='ocrx_word' id='word_1_377' title='bbox 718 3649 748 3695; x_wconf 83' lang='lat' dir='ltr'>ed</span> <span class='ocrx_word' id='word_1_378' title='bbox 762 3648 884 3696; x_wconf 76' lang='lat' dir='ltr'>arbinium</span> <span class='ocrx_word' id='word_1_379' title='bbox 900 3657 975 3712; x_wconf 81' lang='lat' dir='ltr'>tuum,</span> <span class='ocrx_word' id='word_1_380' title='bbox 991 3648 1034 3710; x_wconf 90' lang='lat' dir='ltr'>qui</span> <span class='ocrx_word' id='word_1_381' title='bbox 1049 3647 1100 3696; x_wconf 86' lang='lat' dir='ltr'>baec</span> <span class='ocrx_word' id='word_1_382' title='bbox 1120 3661 1213 3708; x_wconf 85' lang='lat' dir='ltr'>semper</span> 
     </span>
     <span class='ocr_line' id='line_1_41' title="bbox 125 3711 1210 3776; baseline -0.005 -13"><span class='ocrx_word' id='word_1_383' title='bbox 125 3714 220 3769; x_wconf 63' lang='lat' dir='ltr'>amnti,</span> <span class='ocrx_word' id='word_1_384' title='bbox 240 3712 395 3762; x_wconf 86' lang='lat' dir='ltr'>libentissime</span> <span class='ocrx_word' id='word_1_385' title='bbox 411 3713 567 3761; x_wconf 81' lang='lat' dir='ltr'>conferemus.</span> <span class='ocrx_word' id='word_1_386' title='bbox 600 3712 836 3776; x_wconf 78' lang='lat' dir='ltr'>ltid.t.1o.ep.t.</span> <span class='ocrx_word' id='word_1_387' title='bbox 854 3712 908 3762; x_wconf 87' lang='lat' dir='ltr'>Hoc</span> <span class='ocrx_word' id='word_1_388' title='bbox 925 3728 998 3760; x_wconf 88' lang='lat' dir='ltr'>unum</span> <span class='ocrx_word' id='word_1_389' title='bbox 1019 3711 1064 3760; x_wconf 83' lang='lat' dir='ltr'>tibi</span> <span class='ocrx_word' id='word_1_390' title='bbox 1084 3711 1210 3774; x_wconf 79' lang='lat' dir='ltr'>persuade,</span> 
     </span>
     <span class='ocr_line' id='line_1_42' title="bbox 126 3776 1216 3842; baseline -0.003 -15"><span class='ocrx_word' id='word_1_391' title='bbox 126 3785 245 3842; x_wconf 88' lang='lat' dir='ltr'>quantum</span> <span class='ocrx_word' id='word_1_392' title='bbox 253 3777 342 3826; x_wconf 85' lang='lat' dir='ltr'>viribus</span> <span class='ocrx_word' id='word_1_393' title='bbox 359 3778 427 3840; x_wconf 87' lang='lat' dir='ltr'>eniti,</span> <span class='ocrx_word' id='word_1_394' title='bbox 443 3776 543 3827; x_wconf 89' lang='lat' dir='ltr'>consilio</span> <span class='ocrx_word' id='word_1_395' title='bbox 559 3776 693 3840; x_wconf 80' lang='lat' dir='ltr'>providere,</span> <span class='ocrx_word' id='word_1_396' title='bbox 709 3778 836 3828; x_wconf 76' lang='lat' dir='ltr'>autoritate</span> <span class='ocrx_word' id='word_1_397' title='bbox 853 3793 946 3826; x_wconf 83' lang='lat' dir='ltr'>movere</span> <span class='ocrx_word' id='word_1_398' title='bbox 964 3784 1071 3840; x_wconf 80' lang='lat' dir='ltr'>potuero,</span> <span class='ocrx_word' id='word_1_399' title='bbox 1088 3777 1133 3824; x_wconf 89' lang='lat' dir='ltr'>boc</span> <span class='ocrx_word' id='word_1_400' title='bbox 1144 3789 1216 3841; x_wconf 8' lang='lat' dir='ltr'>omne*</span> 
     </span>
     <span class='ocr_line' id='line_1_43' title="bbox 124 3840 756 3907; baseline -0.002 -15"><span class='ocrx_word' id='word_1_401' title='bbox 124 3842 266 3907; x_wconf 70' lang='lat' dir='ltr'>reipublicae</span> <span class='ocrx_word' id='word_1_402' title='bbox 277 3858 371 3906; x_wconf 89' lang='lat' dir='ltr'>semper</span> <span class='ocrx_word' id='word_1_403' title='bbox 380 3843 494 3892; x_wconf 81' lang='lat' dir='ltr'>fututum·</span> <span class='ocrx_word' id='word_1_404' title='bbox 753 3840 756 3844; x_wconf 70' lang='grc'><strong>’</strong></span> 
     </span>
    </p>
   </div>
   <div class='ocr_carea' id='block_1_18' title="bbox 374 3954 971 4022">
    <p class='ocr_par' dir='ltr' id='par_1_19' title="bbox 374 3954 971 4022">
     <span class='ocr_line' id='line_1_44' title="bbox 374 3954 971 4022; baseline -0.002 -17"><span class='ocrx_word' id='word_1_405' title='bbox 374 3957 389 3987; x_wconf 73' lang='grc'><strong><em>*</em></strong></span> <span class='ocrx_word' id='word_1_406' title='bbox 398 3961 423 4005; x_wconf 89' lang='grc'>6.</span> <span class='ocrx_word' id='word_1_407' title='bbox 441 3959 594 4022; x_wconf 82' lang='lat' dir='ltr'>inquantum</span> <span class='ocrx_word' id='word_1_408' title='bbox 607 3961 783 4020; x_wconf 78' lang='lat' dir='ltr'>preposterus,</span> <span class='ocrx_word' id='word_1_409' title='bbox 794 3963 832 4004; x_wconf 88' lang='lat' dir='ltr'>est</span> <span class='ocrx_word' id='word_1_410' title='bbox 840 3954 971 4020; x_wconf 84' lang='lat' dir='ltr'>poeticum.</span> 
     </span>
    </p>
   </div>
   <div class='ocr_carea' id='block_1_19' title="bbox 125 4031 1238 4373">
    <p class='ocr_par' dir='ltr' id='par_1_20' title="bbox 125 4031 1238 4373">
     <span class='ocr_line' id='line_1_45' title="bbox 161 4031 1214 4102; baseline -0.003 -16"><span class='ocrx_word' id='word_1_411' title='bbox 161 4037 177 4068; x_wconf 72' lang='lat'>⁴*</span> <span class='ocrx_word' id='word_1_412' title='bbox 190 4038 298 4089; x_wconf 79' lang='lat' dir='ltr'>Rutilius</span> <span class='ocrx_word' id='word_1_413' title='bbox 309 4038 370 4088; x_wconf 78' lang='lat' dir='ltr'>ltin.</span> <span class='ocrx_word' id='word_1_414' title='bbox 378 4038 395 4086; x_wconf 94' lang='grc' dir='ltr'>Ι.</span> <span class='ocrx_word' id='word_1_415' title='bbox 403 4043 426 4087; x_wconf 95' lang='grc'>1.</span> <span class='ocrx_word' id='word_1_416' title='bbox 434 4056 458 4089; x_wconf 83' lang='grc' dir='ltr'>ν.</span> <span class='ocrx_word' id='word_1_417' title='bbox 470 4045 511 4089; x_wconf 79' lang='lat' dir='ltr'>ts.</span> <span class='ocrx_word' id='word_1_418' title='bbox 535 4039 636 4087; x_wconf 77' lang='lat' dir='ltr'>Oramus</span> <span class='ocrx_word' id='word_1_419' title='bbox 645 4037 741 4086; x_wconf 85' lang='lat' dir='ltr'>veniam</span> <span class='ocrx_word' id='word_1_420' title='bbox 751 4038 862 4102; x_wconf 85' lang='lat' dir='ltr'>lacrymis</span> <span class='ocrx_word' id='word_1_421' title='bbox 870 4043 895 4084; x_wconf 90' lang='lat' dir='ltr'>et</span> <span class='ocrx_word' id='word_1_422' title='bbox 904 4035 975 4084; x_wconf 85' lang='lat' dir='ltr'>laude</span> <span class='ocrx_word' id='word_1_423' title='bbox 986 4031 1089 4089; x_wconf 72' lang='lat' dir='ltr'>litamus,</span> <span class='ocrx_word' id='word_1_424' title='bbox 1098 4031 1129 4083; x_wconf 85' lang='lat' dir='ltr'>In</span> <span class='ocrx_word' id='word_1_425' title='bbox 1139 4047 1214 4096; x_wconf 85' lang='lat' dir='ltr'>quan·</span> 
     </span>
     <span class='ocr_line' id='line_1_46' title="bbox 126 4101 1215 4169; baseline -0.005 -17"><span class='ocrx_word' id='word_1_426' title='bbox 126 4111 182 4152; x_wconf 86' lang='lat' dir='ltr'>tum</span> <span class='ocrx_word' id='word_1_427' title='bbox 191 4104 263 4150; x_wconf 84' lang='lat' dir='ltr'>fletus</span> <span class='ocrx_word' id='word_1_428' title='bbox 273 4118 367 4151; x_wconf 85' lang='lat' dir='ltr'>currere</span> <span class='ocrx_word' id='word_1_429' title='bbox 377 4105 450 4153; x_wconf 86' lang='lat' dir='ltr'>verba</span> <span class='ocrx_word' id='word_1_430' title='bbox 460 4105 524 4153; x_wconf 84' lang='lat' dir='ltr'>sinit.</span> <span class='ocrx_word' id='word_1_431' title='bbox 541 4105 601 4169; x_wconf 88' lang='lat' dir='ltr'>(Sed</span> <span class='ocrx_word' id='word_1_432' title='bbox 613 4118 655 4167; x_wconf 87' lang='lat' dir='ltr'>pro</span> <span class='ocrx_word' id='word_1_433' title='bbox 665 4106 741 4166; x_wconf 84' lang='lat' dir='ltr'>quood</span> <span class='ocrx_word' id='word_1_434' title='bbox 751 4102 899 4166; x_wconf 78' lang='lat' dir='ltr'>praecedente</span> <span class='ocrx_word' id='word_1_435' title='bbox 909 4101 935 4149; x_wconf 86' lang='lat' dir='ltr'>in</span> <span class='ocrx_word' id='word_1_436' title='bbox 946 4105 1038 4150; x_wconf 86' lang='lat' dir='ltr'>tontum</span> <span class='ocrx_word' id='word_1_437' title='bbox 1049 4105 1090 4146; x_wconf 91' lang='lat' dir='ltr'>aut</span> <span class='ocrx_word' id='word_1_438' title='bbox 1100 4107 1215 4162; x_wconf 85' lang='lat' dir='ltr'>sequente</span> 
     </span>
     <span class='ocr_line' id='line_1_47' title="bbox 126 4165 1220 4231; baseline -0.005 -14"><span class='ocrx_word' id='word_1_439' title='bbox 126 4167 218 4217; x_wconf 88' lang='lat' dir='ltr'>dicitnr</span> <span class='ocrx_word' id='word_1_440' title='bbox 225 4167 351 4231; x_wconf 80' lang='lat' dir='ltr'>aliquoties</span> <span class='ocrx_word' id='word_1_441' title='bbox 362 4169 457 4226; x_wconf 85' lang='lat' dir='ltr'>Velleio,</span> <span class='ocrx_word' id='word_1_442' title='bbox 475 4177 502 4218; x_wconf 89' lang='lat' dir='ltr'>ut</span> <span class='ocrx_word' id='word_1_443' title='bbox 512 4170 528 4216; x_wconf 90' lang='lat' dir='ltr'>l.</span> <span class='ocrx_word' id='word_1_444' title='bbox 539 4175 562 4220; x_wconf 89' lang='grc'>2.</span> <span class='ocrx_word' id='word_1_445' title='bbox 573 4185 594 4218; x_wconf 87' lang='lat' dir='ltr'>c.</span> <span class='ocrx_word' id='word_1_446' title='bbox 607 4172 647 4219; x_wconf 81' lang='grc'>43.</span> <span class='ocrx_word' id='word_1_447' title='bbox 665 4169 731 4218; x_wconf 87' lang='lat' dir='ltr'>Viris</span> <span class='ocrx_word' id='word_1_448' title='bbox 744 4168 770 4215; x_wconf 89' lang='lat' dir='ltr'>in</span> <span class='ocrx_word' id='word_1_449' title='bbox 782 4176 874 4216; x_wconf 88' lang='lat' dir='ltr'>tanturn</span> <span class='ocrx_word' id='word_1_450' title='bbox 885 4166 947 4229; x_wconf 89' lang='lat' dir='ltr'>boni,</span> <span class='ocrx_word' id='word_1_451' title='bbox 956 4166 981 4214; x_wconf 92' lang='lat' dir='ltr'>in</span> <span class='ocrx_word' id='word_1_452' title='bbox 990 4171 1103 4229; x_wconf 83' lang='lat' dir='ltr'>quantum</span> <span class='ocrx_word' id='word_1_453' title='bbox 1112 4165 1220 4212; x_wconf 77' lang='lat' dir='ltr'>humina</span> 
     </span>
     <span class='ocr_line' id='line_1_48' title="bbox 126 4233 1238 4355; baseline -0.011 -72"><span class='ocrx_word' id='word_1_454' title='bbox 126 4233 268 4348; x_wconf 45' lang='lat' dir='ltr'>simqlllioitas</span> <span class='ocrx_word' id='word_1_455' title='bbox 278 4233 384 4345; x_wconf 47' lang='lat' dir='ltr'>ingelltgi</span> <span class='ocrx_word' id='word_1_456' title='bbox 398 4242 486 4350; x_wconf 44' lang='lat' dir='ltr'>qqlqntqst.</span> <span class='ocrx_word' id='word_1_457' title='bbox 518 4234 581 4351; x_wconf 42' lang='lat' dir='ltr'>ibid?</span> <span class='ocrx_word' id='word_1_458' title='bbox 594 4251 615 4284; x_wconf 84' lang='lat' dir='ltr'>c.</span> <span class='ocrx_word' id='word_1_459' title='bbox 626 4234 841 4355; x_wconf 25' lang='lat' dir='ltr'>bddssntquantum</span> <span class='ocrx_word' id='word_1_460' title='bbox 851 4233 957 4301; x_wconf 74' lang='lat' dir='ltr'>quisque</span> <span class='ocrx_word' id='word_1_461' title='bbox 969 4240 1016 4283; x_wconf 79' lang='lat' dir='ltr'>aot</span> <span class='ocrx_word' id='word_1_462' title='bbox 1026 4243 1181 4292; x_wconf 50' lang='lat' dir='ltr'>comestore</span> <span class='ocrx_word' id='word_1_463' title='bbox 1189 4234 1238 4273; x_wconf 69' lang='lat' dir='ltr'>aut</span> 
     </span>
     <span class='ocr_line' id='line_1_49' title="bbox 125 4311 750 4373; baseline 0.011 -26"><span class='ocrx_word' id='word_1_464' title='bbox 125 4315 179 4348; x_wconf 86' lang='lat' dir='ltr'>me</span> <span class='ocrx_word' id='word_1_465' title='bbox 205 4313 394 4360; x_wconf 59' lang='lat' dir='ltr'>gotepertum</span> <span class='ocrx_word' id='word_1_466' title='bbox 456 4316 643 4373; x_wconf 77' lang='lat' dir='ltr'>ummrrnurnc</span> <span class='ocrx_word' id='word_1_467' title='bbox 705 4311 750 4370; x_wconf 74' lang='lat' dir='ltr'>git.</span> 
     </span>
    </p>
   </div>
   <div class='ocr_carea' id='block_1_20' title="bbox 0 0 1361 4636">
    <p class='ocr_par' dir='ltr' id='par_1_21' title="bbox 0 0 1361 4636">
     <span class='ocr_line' id='line_1_50' title="bbox 0 0 1361 4636; baseline 0 0"><span class='ocrx_word' id='word_1_468' title='bbox 0 0 1361 4636; x_wconf 95' lang='lat' dir='ltr'> </span> 
     </span>
    </p>
   </div>
  </div>
 </body>
</html>
