<?xml version="1.0" encoding="UTF-8"?>
<!DOCTYPE html PUBLIC "-//W3C//DTD XHTML 1.0 Transitional//EN"
    "http://www.w3.org/TR/xhtml1/DTD/xhtml1-transitional.dtd">
<html xmlns="http://www.w3.org/1999/xhtml" xml:lang="en" lang="en">
 <head>
  <title>
</title>
<meta http-equiv="Content-Type" content="text/html;charset=utf-8" />
  <meta name='ocr-system' content='tesseract 3.04.00' />
  <meta name='ocr-capabilities' content='ocr_page ocr_carea ocr_par ocr_line ocrx_word'/>
</head>
<body>
  <div class='ocr_page' id='page_1' title='image "./horatiiturselli00schwgoog/horatiiturselli00schwgoog_0129.png"; bbox 0 0 2670 4636; ppageno 0'>
   <div class='ocr_carea' id='block_1_1' title="bbox 93 190 1297 298">
    <p class='ocr_par' dir='ltr' id='par_1_1' title="bbox 93 190 1297 298">
     <span class='ocr_line' id='line_1_1' title="bbox 93 190 1297 298; baseline -0.007 -13"><span class='ocrx_word' id='word_1_1' title='bbox 93 190 96 195; x_wconf 65' lang='grc'>’</span> <span class='ocrx_word' id='word_1_2' title='bbox 174 230 229 287; x_wconf 76' lang='lat'><strong>122</strong></span> <span class='ocrx_word' id='word_1_3' title='bbox 488 225 659 287; x_wconf 76' lang='lat' dir='ltr'><strong>nonaum</strong></span> <span class='ocrx_word' id='word_1_4' title='bbox 694 223 936 285; x_wconf 76' lang='lat' dir='ltr'>TURSELLINJ</span> <span class='ocrx_word' id='word_1_5' title='bbox 1178 197 1297 298; x_wconf 58' lang='grc'><strong>[66</strong></span> 
     </span>
    </p>
   </div>
   <div class='ocr_carea' id='block_1_2' title="bbox 469 421 975 646">
    <p class='ocr_par' dir='ltr' id='par_1_2' title="bbox 469 421 975 646">
     <span class='ocr_line' id='line_1_2' title="bbox 584 421 858 502; baseline -0.018 0"><span class='ocrx_word' id='word_1_6' title='bbox 584 421 697 502; x_wconf 78' lang='lat' dir='ltr'><strong>cauus</strong></span> <span class='ocrx_word' id='word_1_7' title='bbox 730 449 858 501; x_wconf 80' lang='lat' dir='ltr'><strong>nxxvn.</strong></span> 
     </span>
     <span class='ocr_line' id='line_1_3' title="bbox 469 555 975 646; baseline -0.01 -18"><span class='ocrx_word' id='word_1_8' title='bbox 469 555 747 646; x_wconf 79' lang='lat' dir='ltr'><strong>Dc‘Conjttoctiooo</strong></span> <span class='ocrx_word' id='word_1_9' title='bbox 766 565 857 637; x_wconf 79' lang='lat' dir='ltr'><strong>Euan,</strong></span> <span class='ocrx_word' id='word_1_10' title='bbox 879 567 904 623; x_wconf 79' lang='lat' dir='ltr'><strong>ei</strong></span> <span class='ocrx_word' id='word_1_11' title='bbox 919 569 975 623; x_wconf 80' lang='grc' dir='ltr'><strong>καί.</strong></span> 
     </span>
    </p>
   </div>
   <div class='ocr_carea' id='block_1_3' title="bbox 173 691 1274 905">
    <p class='ocr_par' dir='ltr' id='par_1_3' title="bbox 173 691 1274 905">
     <span class='ocr_line' id='line_1_4' title="bbox 488 691 956 757; baseline 0 -17"><span class='ocrx_word' id='word_1_12' title='bbox 488 694 503 722; x_wconf 65' lang='lat'>⁸</span> <span class='ocrx_word' id='word_1_13' title='bbox 514 696 528 757; x_wconf 85' lang='lat'>§</span> <span class='ocrx_word' id='word_1_14' title='bbox 539 693 561 740; x_wconf 91' lang='lat'><strong>1.</strong></span> <span class='ocrx_word' id='word_1_15' title='bbox 576 699 598 743; x_wconf 94' lang='lat' dir='ltr'><strong>l.</strong></span> <span class='ocrx_word' id='word_1_16' title='bbox 618 696 674 743; x_wconf 77' lang='lat' dir='ltr'><strong>Etsi</strong></span> <span class='ocrx_word' id='word_1_17' title='bbox 687 693 814 757; x_wconf 69' lang='lat' dir='ltr'><strong>adjectivis</strong></span> <span class='ocrx_word' id='word_1_18' title='bbox 825 691 956 756; x_wconf 85' lang='lat' dir='ltr'><strong>adjectum.</strong></span> 
     </span>
     <span class='ocr_line' id='line_1_5' title="bbox 207 767 1272 842; baseline -0.01 -18"><span class='ocrx_word' id='word_1_19' title='bbox 207 777 270 824; x_wconf 73' lang='lat' dir='ltr'><strong>Eiet</strong></span> <span class='ocrx_word' id='word_1_20' title='bbox 287 777 394 824; x_wconf 73' lang='grc'><strong>66116161</strong></span> <span class='ocrx_word' id='word_1_21' title='bbox 409 773 543 839; x_wconf 68' lang='lat' dir='ltr'><strong>adjectivis.</strong></span> <span class='ocrx_word' id='word_1_22' title='bbox 570 774 626 824; x_wconf 84' lang='lat' dir='ltr'><strong>Lio.</strong></span> <span class='ocrx_word' id='word_1_23' title='bbox 644 774 661 821; x_wconf 95' lang='lat' dir='ltr'><strong>l.</strong></span> <span class='ocrx_word' id='word_1_24' title='bbox 674 778 698 823; x_wconf 80' lang='grc'><strong>6.</strong></span> <span class='ocrx_word' id='word_1_25' title='bbox 709 790 731 822; x_wconf 82' lang='grc'><strong>6.</strong></span> <span class='ocrx_word' id='word_1_26' title='bbox 743 777 784 822; x_wconf 81' lang='grc'><strong>66.</strong></span> <span class='ocrx_word' id='word_1_27' title='bbox 800 773 922 837; x_wconf 79' lang='lat' dir='ltr'><strong>Superbiae</strong></span> <span class='ocrx_word' id='word_1_28' title='bbox 932 768 1125 842; x_wconf 80' lang='lat' dir='ltr'><strong>crudelitatique,</strong></span> <span class='ocrx_word' id='word_1_29' title='bbox 1140 767 1189 814; x_wconf 83' lang='lat' dir='ltr'><strong>etsi</strong></span> <span class='ocrx_word' id='word_1_30' title='bbox 1199 780 1272 820; x_wconf 71' lang='grc'><strong>66666,</strong></span> 
     </span>
     <span class='ocr_line' id='line_1_6' title="bbox 173 830 1274 905; baseline -0.009 -15"><span class='ocrx_word' id='word_1_31' title='bbox 173 857 222 890; x_wconf 87' lang='grc'><strong>666</strong></span> <span class='ocrx_word' id='word_1_32' title='bbox 238 841 301 889; x_wconf 83' lang='lat' dir='ltr'><strong>leves</strong></span> <span class='ocrx_word' id='word_1_33' title='bbox 317 848 399 889; x_wconf 88' lang='lat' dir='ltr'><strong>tamen</strong></span> <span class='ocrx_word' id='word_1_34' title='bbox 409 840 492 888; x_wconf 77' lang='lat' dir='ltr'><strong>renim</strong></span> <span class='ocrx_word' id='word_1_35' title='bbox 508 853 600 903; x_wconf 82' lang='lat' dir='ltr'><strong>poeuas.</strong></span> <span class='ocrx_word' id='word_1_36' title='bbox 616 839 656 887; x_wconf 77' lang='lat' dir='ltr'><strong>to.</strong></span> <span class='ocrx_word' id='word_1_37' title='bbox 669 837 685 886; x_wconf 92' lang='grc'><strong>1.</strong></span> <span class='ocrx_word' id='word_1_38' title='bbox 698 841 739 888; x_wconf 75' lang='lat' dir='ltr'><strong>tit.</strong></span> <span class='ocrx_word' id='word_1_39' title='bbox 754 853 776 888; x_wconf 85' lang='lat' dir='ltr'><strong>c.</strong></span> <span class='ocrx_word' id='word_1_40' title='bbox 786 842 827 888; x_wconf 81' lang='grc'><strong>14.</strong></span> <span class='ocrx_word' id='word_1_41' title='bbox 845 838 885 888; x_wconf 78' lang='grc'><strong>16.</strong></span> <span class='ocrx_word' id='word_1_42' title='bbox 897 837 914 885; x_wconf 93' lang='grc'><strong>1.</strong></span> <span class='ocrx_word' id='word_1_43' title='bbox 928 840 969 887; x_wconf 79' lang='grc'><strong>68.</strong></span> <span class='ocrx_word' id='word_1_44' title='bbox 984 850 1007 884; x_wconf 85' lang='grc'><strong>6.</strong></span> <span class='ocrx_word' id='word_1_45' title='bbox 1017 837 1058 884; x_wconf 87' lang='grc'><strong>41.</strong></span> <span class='ocrx_word' id='word_1_46' title='bbox 1069 834 1117 905; x_wconf 78' lang='grc'><strong>166.</strong></span> <span class='ocrx_word' id='word_1_47' title='bbox 1128 830 1274 905; x_wconf 74' lang='lat' dir='ltr'><strong>(Eleganter</strong></span> 
     </span>
    </p>
   </div>
   <div class='ocr_carea' id='block_1_4' title="bbox 174 903 421 969">
    <p class='ocr_par' dir='ltr' id='par_1_4' title="bbox 174 903 421 969">
     <span class='ocr_line' id='line_1_7' title="bbox 174 903 421 969; baseline 0.004 -16"><span class='ocrx_word' id='word_1_48' title='bbox 174 921 218 969; x_wconf 89' lang='lat' dir='ltr'><strong>pro</strong></span> <span class='ocrx_word' id='word_1_49' title='bbox 228 903 421 969; x_wconf 77' lang='lat' dir='ltr'><strong>quidem-aod.)</strong></span> 
     </span>
    </p>
   </div>
   <div class='ocr_carea' id='block_1_5' title="bbox 155 999 1271 1145">
    <p class='ocr_par' dir='ltr' id='par_1_5' title="bbox 155 999 1271 1145">
     <span class='ocr_line' id='line_1_8' title="bbox 487 999 960 1066; baseline -0.013 -13"><span class='ocrx_word' id='word_1_50' title='bbox 487 1009 512 1053; x_wconf 92' lang='grc'><strong>1.</strong></span> <span class='ocrx_word' id='word_1_51' title='bbox 523 1004 580 1052; x_wconf 74' lang='lat' dir='ltr'><strong>Eat</strong></span> <span class='ocrx_word' id='word_1_52' title='bbox 589 1001 616 1049; x_wconf 90' lang='lat' dir='ltr'><strong>iu</strong></span> <span class='ocrx_word' id='word_1_53' title='bbox 627 1001 685 1066; x_wconf 84' lang='lat' dir='ltr'><strong>tine,</strong></span> <span class='ocrx_word' id='word_1_54' title='bbox 696 1001 749 1049; x_wconf 85' lang='lat' dir='ltr'><strong>siue</strong></span> <span class='ocrx_word' id='word_1_55' title='bbox 765 1007 854 1058; x_wconf 74' lang='grc'><strong>166166,</strong></span> <span class='ocrx_word' id='word_1_56' title='bbox 865 999 905 1049; x_wconf 79' lang='lat' dir='ltr'><strong>toni</strong></span> <span class='ocrx_word' id='word_1_57' title='bbox 914 1017 960 1048; x_wconf 82' lang='lat' dir='ltr'><strong>rot.</strong></span> 
     </span>
     <span class='ocr_line' id='line_1_9' title="bbox 155 1072 1271 1145; baseline -0.012 -14"><span class='ocrx_word' id='word_1_58' title='bbox 155 1113 158 1122; x_wconf 47' lang='grc' dir='ltr'><em>ι</em></span> <span class='ocrx_word' id='word_1_59' title='bbox 209 1082 262 1130; x_wconf 84' lang='lat' dir='ltr'><strong>Cic.</strong></span> <span class='ocrx_word' id='word_1_60' title='bbox 270 1082 287 1132; x_wconf 94' lang='grc'><strong>1.</strong></span> <span class='ocrx_word' id='word_1_61' title='bbox 298 1087 322 1132; x_wconf 86' lang='grc'><strong>6.</strong></span> <span class='ocrx_word' id='word_1_62' title='bbox 334 1082 401 1133; x_wconf 79' lang='lat' dir='ltr'><strong>Fam·</strong></span> <span class='ocrx_word' id='word_1_63' title='bbox 410 1097 446 1145; x_wconf 86' lang='lat' dir='ltr'><strong>ep.</strong></span> <span class='ocrx_word' id='word_1_64' title='bbox 457 1087 481 1132; x_wconf 88' lang='grc'><strong>4.</strong></span> <span class='ocrx_word' id='word_1_65' title='bbox 493 1081 566 1130; x_wconf 88' lang='grc' dir='ltr'><strong>Ν666</strong></span> <span class='ocrx_word' id='word_1_66' title='bbox 577 1088 668 1129; x_wconf 88' lang='lat' dir='ltr'><strong>tautum</strong></span> <span class='ocrx_word' id='word_1_67' title='bbox 679 1080 787 1128; x_wconf 84' lang='lat' dir='ltr'><strong>videmur</strong></span> <span class='ocrx_word' id='word_1_68' title='bbox 794 1079 939 1142; x_wconf 82' lang='lat' dir='ltr'><strong>intelligere,</strong></span> <span class='ocrx_word' id='word_1_69' title='bbox 950 1092 1001 1126; x_wconf 90' lang='grc'><strong>666</strong></span> <span class='ocrx_word' id='word_1_70' title='bbox 1010 1076 1150 1125; x_wconf 71' lang='lat' dir='ltr'><strong>aluminum</strong></span> <span class='ocrx_word' id='word_1_71' title='bbox 1158 1072 1253 1121; x_wconf 84' lang='lat' dir='ltr'><strong>bellum</strong></span> <span class='ocrx_word' id='word_1_72' title='bbox 1266 1089 1271 1118; x_wconf 95' lang='lat'><strong>:</strong></span> 
     </span>
    </p>
   </div>
   <div class='ocr_carea' id='block_1_6' title="bbox 90 1137 1275 1210">
    <p class='ocr_par' dir='ltr' id='par_1_6' title="bbox 90 1137 1275 1210">
     <span class='ocr_line' id='line_1_10' title="bbox 90 1137 1275 1210; baseline -0.009 -16"><span class='ocrx_word' id='word_1_73' title='bbox 90 1191 92 1194; x_wconf 88' lang='lat'><strong>.</strong></span> <span class='ocrx_word' id='word_1_74' title='bbox 175 1147 221 1193; x_wconf 75' lang='lat' dir='ltr'><strong>etsi</strong></span> <span class='ocrx_word' id='word_1_75' title='bbox 237 1153 263 1192; x_wconf 84' lang='lat' dir='ltr'><strong>et</strong></span> <span class='ocrx_word' id='word_1_76' title='bbox 277 1147 354 1210; x_wconf 80' lang='lat' dir='ltr'><strong>ipsum</strong></span> <span class='ocrx_word' id='word_1_77' title='bbox 365 1147 486 1194; x_wconf 84' lang='lat' dir='ltr'><strong>nonnullis</strong></span> <span class='ocrx_word' id='word_1_78' title='bbox 496 1145 606 1193; x_wconf 82' lang='lat' dir='ltr'><strong>videatur</strong></span> <span class='ocrx_word' id='word_1_79' title='bbox 616 1160 694 1192; x_wconf 75' lang='lat' dir='ltr'><strong>aecus.</strong></span> <span class='ocrx_word' id='word_1_80' title='bbox 706 1150 732 1192; x_wconf 85' lang='lat' dir='ltr'><strong>ot</strong></span> <span class='ocrx_word' id='word_1_81' title='bbox 741 1149 838 1207; x_wconf 75' lang='lat' dir='ltr'><strong>present</strong></span> <span class='ocrx_word' id='word_1_82' title='bbox 853 1145 886 1192; x_wconf 76' lang='lat' dir='ltr'><strong>oli</strong></span> <span class='ocrx_word' id='word_1_83' title='bbox 898 1145 915 1191; x_wconf 93' lang='grc' dir='ltr'><strong><em>Ι</em></strong></span> <span class='ocrx_word' id='word_1_84' title='bbox 923 1157 968 1191; x_wconf 76' lang='lat' dir='ltr'><strong>cca</strong></span> <span class='ocrx_word' id='word_1_85' title='bbox 981 1140 1113 1200; x_wconf 65' lang='lat' dir='ltr'><strong>coniectare</strong></span> <span class='ocrx_word' id='word_1_86' title='bbox 1121 1139 1153 1193; x_wconf 85' lang='lat' dir='ltr'><strong>ie,</strong></span> <span class='ocrx_word' id='word_1_87' title='bbox 1167 1138 1224 1186; x_wconf 78' lang='lat' dir='ltr'><strong>ibet</strong></span> <span class='ocrx_word' id='word_1_88' title='bbox 1233 1137 1275 1184; x_wconf 74' lang='lat' dir='ltr'><strong>tie</strong></span> 
     </span>
    </p>
   </div>
   <div class='ocr_carea' id='block_1_7' title="bbox 160 1200 1282 1467">
    <p class='ocr_par' dir='ltr' id='par_1_7' title="bbox 160 1200 1282 1467">
     <span class='ocr_line' id='line_1_11' title="bbox 174 1200 1282 1275; baseline -0.009 -17"><span class='ocrx_word' id='word_1_89' title='bbox 174 1226 227 1258; x_wconf 83' lang='lat' dir='ltr'><strong>war</strong></span> <span class='ocrx_word' id='word_1_90' title='bbox 235 1211 286 1259; x_wconf 81' lang='lat' dir='ltr'><strong>wilt</strong></span> <span class='ocrx_word' id='word_1_91' title='bbox 295 1217 336 1260; x_wconf 83' lang='lat' dir='ltr'><strong>aot</strong></span> <span class='ocrx_word' id='word_1_92' title='bbox 347 1212 457 1260; x_wconf 76' lang='lat' dir='ltr'><strong>continue</strong></span> <span class='ocrx_word' id='word_1_93' title='bbox 466 1213 540 1271; x_wconf 59' lang='lat' dir='ltr'><strong>ioum</strong></span> <span class='ocrx_word' id='word_1_94' title='bbox 557 1209 647 1270; x_wconf 72' lang='lat' dir='ltr'><strong>tioogt</strong></span> <span class='ocrx_word' id='word_1_95' title='bbox 658 1209 675 1256; x_wconf 84' lang='lat'><em>1</em></span> <span class='ocrx_word' id='word_1_96' title='bbox 685 1213 747 1256; x_wconf 79' lang='lat' dir='ltr'><strong>matt</strong></span> <span class='ocrx_word' id='word_1_97' title='bbox 758 1209 932 1271; x_wconf 74' lang='lat' dir='ltr'><strong>ockuotclcdgc,</strong></span> <span class='ocrx_word' id='word_1_98' title='bbox 941 1208 1007 1256; x_wconf 81' lang='lat' dir='ltr'><strong>tbcre</strong></span> <span class='ocrx_word' id='word_1_99' title='bbox 1016 1219 1057 1254; x_wconf 82' lang='lat' dir='ltr'><strong>are</strong></span> <span class='ocrx_word' id='word_1_100' title='bbox 1066 1218 1129 1254; x_wconf 81' lang='lat' dir='ltr'><strong>come</strong></span> <span class='ocrx_word' id='word_1_101' title='bbox 1138 1200 1191 1251; x_wconf 75' lang='lat' dir='ltr'><strong>oto</strong></span> <span class='ocrx_word' id='word_1_102' title='bbox 1201 1201 1282 1275; x_wconf 63' lang='grc'><strong>1111611,</strong></span> 
     </span>
     <span class='ocr_line' id='line_1_12' title="bbox 176 1265 1276 1342; baseline -0.01 -20"><span class='ocrx_word' id='word_1_103' title='bbox 176 1275 308 1325; x_wconf 71' lang='lat' dir='ltr'><strong>otherwise.</strong></span> <span class='ocrx_word' id='word_1_104' title='bbox 326 1276 365 1322; x_wconf 83' lang='lat' dir='ltr'><strong>Id.</strong></span> <span class='ocrx_word' id='word_1_105' title='bbox 376 1275 393 1322; x_wconf 95' lang='grc'><strong>1.</strong></span> <span class='ocrx_word' id='word_1_106' title='bbox 405 1279 429 1323; x_wconf 82' lang='grc'><strong>7.</strong></span> <span class='ocrx_word' id='word_1_107' title='bbox 442 1273 540 1337; x_wconf 73' lang='lat' dir='ltr'><strong>Attop.</strong></span> <span class='ocrx_word' id='word_1_108' title='bbox 554 1277 578 1322; x_wconf 82' lang='grc'><strong>1.</strong></span> <span class='ocrx_word' id='word_1_109' title='bbox 589 1272 669 1319; x_wconf 81' lang='lat' dir='ltr'><strong>Habet</strong></span> <span class='ocrx_word' id='word_1_110' title='bbox 678 1286 717 1319; x_wconf 79' lang='lat' dir='ltr'><strong>res</strong></span> <span class='ocrx_word' id='word_1_111' title='bbox 728 1271 940 1331; x_wconf 65' lang='lat' dir='ltr'><strong>deliberationem</strong></span> <span class='ocrx_word' id='word_1_112' title='bbox 956 1270 1003 1318; x_wconf 87' lang='lat' dir='ltr'><strong>etsi</strong></span> <span class='ocrx_word' id='word_1_113' title='bbox 1012 1286 1040 1319; x_wconf 83' lang='lat' dir='ltr'><strong>or</strong></span> <span class='ocrx_word' id='word_1_114' title='bbox 1052 1274 1119 1333; x_wconf 86' lang='lat' dir='ltr'><strong>parte</strong></span> <span class='ocrx_word' id='word_1_115' title='bbox 1128 1273 1219 1342; x_wconf 78' lang='lat' dir='ltr'><strong>magna</strong></span> <span class='ocrx_word' id='word_1_116' title='bbox 1229 1265 1276 1339; x_wconf 71' lang='lat' dir='ltr'><strong>tibi</strong></span> 
     </span>
     <span class='ocr_line' id='line_1_13' title="bbox 160 1328 1276 1400; baseline -0.01 -15"><span class='ocrx_word' id='word_1_117' title='bbox 160 1356 162 1362; x_wconf 95' lang='lat'>·</span> <span class='ocrx_word' id='word_1_118' title='bbox 176 1338 304 1386; x_wconf 57' lang='lat' dir='ltr'><strong>attentiore</strong></span> <span class='ocrx_word' id='word_1_119' title='bbox 331 1339 397 1387; x_wconf 77' lang='lat' dir='ltr'><strong>Idi.</strong></span> <span class='ocrx_word' id='word_1_120' title='bbox 410 1342 449 1387; x_wconf 93' lang='grc'><strong>11.</strong></span> <span class='ocrx_word' id='word_1_121' title='bbox 465 1337 566 1400; x_wconf 72' lang='grc'><strong>11166.</strong></span> <span class='ocrx_word' id='word_1_122' title='bbox 584 1341 625 1386; x_wconf 83' lang='grc'><strong>61.</strong></span> <span class='ocrx_word' id='word_1_123' title='bbox 643 1335 741 1391; x_wconf 81' lang='lat' dir='ltr'><strong>Do,&#39;do·</strong></span> <span class='ocrx_word' id='word_1_124' title='bbox 751 1350 833 1398; x_wconf 78' lang='lat' dir='ltr'><strong>pmnas</strong></span> <span class='ocrx_word' id='word_1_125' title='bbox 843 1334 985 1383; x_wconf 84' lang='lat' dir='ltr'><strong>temeritatis</strong></span> <span class='ocrx_word' id='word_1_126' title='bbox 1003 1348 1076 1395; x_wconf 76' lang='lat' dir='ltr'><strong>mem3</strong></span> <span class='ocrx_word' id='word_1_127' title='bbox 1090 1338 1146 1387; x_wconf 78' lang='lat' dir='ltr'><strong>atat,</strong></span> <span class='ocrx_word' id='word_1_128' title='bbox 1156 1343 1215 1392; x_wconf 63' lang='lat' dir='ltr'><strong>quta</strong></span> <span class='ocrx_word' id='word_1_129' title='bbox 1228 1328 1276 1376; x_wconf 78' lang='lat' dir='ltr'><strong>tot</strong></span> 
     </span>
     <span class='ocr_line' id='line_1_14' title="bbox 174 1400 930 1467; baseline 0 -19"><span class='ocrx_word' id='word_1_130' title='bbox 174 1400 217 1451; x_wconf 86' lang='lat' dir='ltr'><strong>illa</strong></span> <span class='ocrx_word' id='word_1_131' title='bbox 234 1401 371 1451; x_wconf 77' lang='lat' dir='ltr'><strong>temeritas?</strong></span> <span class='ocrx_word' id='word_1_132' title='bbox 388 1401 647 1467; x_wconf 62' lang='lat' dir='ltr'><strong>anticameram</strong></span> <span class='ocrx_word' id='word_1_133' title='bbox 664 1401 731 1448; x_wconf 79' lang='lat' dir='ltr'><strong>tiore</strong></span> <span class='ocrx_word' id='word_1_134' title='bbox 746 1415 793 1463; x_wconf 77' lang='lat' dir='ltr'><strong>any</strong></span> <span class='ocrx_word' id='word_1_135' title='bbox 804 1401 930 1463; x_wconf 78' lang='lat' dir='ltr'><strong>temerityt</strong></span> 
     </span>
    </p>
   </div>
   <div class='ocr_carea' id='block_1_8' title="bbox 177 1500 1277 1850">
    <p class='ocr_par' dir='ltr' id='par_1_8' title="bbox 177 1500 1277 1850">
     <span class='ocr_line' id='line_1_15' title="bbox 470 1500 995 1584; baseline -0.002 -21"><span class='ocrx_word' id='word_1_136' title='bbox 470 1513 520 1562; x_wconf 64' lang='grc'><strong>*6.</strong></span> <span class='ocrx_word' id='word_1_137' title='bbox 537 1513 595 1563; x_wconf 75' lang='lat' dir='ltr'><strong>Etsi</strong></span> <span class='ocrx_word' id='word_1_138' title='bbox 609 1513 636 1560; x_wconf 91' lang='lat' dir='ltr'><strong>in</strong></span> <span class='ocrx_word' id='word_1_139' title='bbox 652 1512 722 1584; x_wconf 67' lang='lat' dir='ltr'><strong>initio</strong></span> <span class='ocrx_word' id='word_1_140' title='bbox 738 1512 897 1584; x_wconf 72' lang='lat' dir='ltr'><strong>praetermisso</strong></span> <span class='ocrx_word' id='word_1_141' title='bbox 907 1500 995 1562; x_wconf 71' lang='lat' dir='ltr'><strong>inm</strong></span> 
     </span>
     <span class='ocr_line' id='line_1_16' title="bbox 210 1586 1275 1657; baseline -0.008 -15"><span class='ocrx_word' id='word_1_142' title='bbox 210 1594 266 1643; x_wconf 83' lang='lat' dir='ltr'><strong>Etsi</strong></span> <span class='ocrx_word' id='word_1_143' title='bbox 276 1609 447 1657; x_wconf 87' lang='lat' dir='ltr'><strong>nonnunquam</strong></span> <span class='ocrx_word' id='word_1_144' title='bbox 458 1599 537 1643; x_wconf 80' lang='lat' dir='ltr'><strong>tomen</strong></span> <span class='ocrx_word' id='word_1_145' title='bbox 548 1591 677 1654; x_wconf 78' lang='lat' dir='ltr'><strong>desiderat,</strong></span> <span class='ocrx_word' id='word_1_146' title='bbox 693 1591 766 1640; x_wconf 83' lang='lat' dir='ltr'><strong>etiam</strong></span> <span class='ocrx_word' id='word_1_147' title='bbox 777 1593 802 1639; x_wconf 90' lang='lat' dir='ltr'><strong>in</strong></span> <span class='ocrx_word' id='word_1_148' title='bbox 817 1592 899 1640; x_wconf 84' lang='lat' dir='ltr'><strong>media</strong></span> <span class='ocrx_word' id='word_1_149' title='bbox 908 1592 946 1639; x_wconf 87' lang='lat' dir='ltr'><strong>vel</strong></span> <span class='ocrx_word' id='word_1_150' title='bbox 956 1586 1275 1655; x_wconf 68' lang='grc'><strong>6666661166666611666.</strong></span> 
     </span>
     <span class='ocr_line' id='line_1_17' title="bbox 179 1651 1277 1721; baseline -0.007 -15"><span class='ocrx_word' id='word_1_151' title='bbox 179 1659 234 1708; x_wconf 87' lang='lat' dir='ltr'><strong>Lio.</strong></span> <span class='ocrx_word' id='word_1_152' title='bbox 251 1659 268 1707; x_wconf 92' lang='lat' dir='ltr'><strong>l.</strong></span> <span class='ocrx_word' id='word_1_153' title='bbox 285 1663 326 1708; x_wconf 81' lang='grc'><strong>39.</strong></span> <span class='ocrx_word' id='word_1_154' title='bbox 338 1674 360 1707; x_wconf 86' lang='lat' dir='ltr'><strong>c.</strong></span> <span class='ocrx_word' id='word_1_155' title='bbox 374 1661 406 1706; x_wconf 86' lang='lat'><strong>8..</strong></span> <span class='ocrx_word' id='word_1_156' title='bbox 416 1657 498 1721; x_wconf 81' lang='lat' dir='ltr'><strong>Scipio</strong></span> <span class='ocrx_word' id='word_1_157' title='bbox 512 1655 574 1705; x_wconf 81' lang='lat' dir='ltr'><strong>dixit</strong></span> <span class='ocrx_word' id='word_1_158' title='bbox 582 1657 645 1704; x_wconf 90' lang='lat' dir='ltr'><strong>illud</strong></span> <span class='ocrx_word' id='word_1_159' title='bbox 662 1671 687 1704; x_wconf 81' lang='lat' dir='ltr'><strong>ee</strong></span> <span class='ocrx_word' id='word_1_160' title='bbox 704 1657 764 1705; x_wconf 87' lang='lat' dir='ltr'><strong>satis</strong></span> <span class='ocrx_word' id='word_1_161' title='bbox 775 1656 844 1714; x_wconf 80' lang='lat' dir='ltr'><strong>scire,</strong></span> <span class='ocrx_word' id='word_1_162' title='bbox 862 1655 909 1704; x_wconf 83' lang='lat' dir='ltr'><strong>etsi</strong></span> <span class='ocrx_word' id='word_1_163' title='bbox 919 1657 1049 1706; x_wconf 81' lang='lat' dir='ltr'><strong>Locrenses</strong></span> <span class='ocrx_word' id='word_1_164' title='bbox 1059 1655 1123 1703; x_wconf 84' lang='lat' dir='ltr'><strong>male</strong></span> <span class='ocrx_word' id='word_1_165' title='bbox 1131 1653 1165 1700; x_wconf 90' lang='lat' dir='ltr'><strong>de</strong></span> <span class='ocrx_word' id='word_1_166' title='bbox 1173 1704 1176 1710; x_wconf 61' lang='grc'><strong>,</strong></span> <span class='ocrx_word' id='word_1_167' title='bbox 1183 1651 1277 1716; x_wconf 88' lang='lat' dir='ltr'><strong>populo</strong></span> 
     </span>
     <span class='ocr_line' id='line_1_18' title="bbox 178 1715 1275 1780; baseline -0.005 -12"><span class='ocrx_word' id='word_1_168' title='bbox 178 1720 289 1770; x_wconf 84' lang='lat' dir='ltr'><strong>Romano</strong></span> <span class='ocrx_word' id='word_1_169' title='bbox 304 1722 382 1770; x_wconf 80' lang='lat' dir='ltr'><strong>meriti</strong></span> <span class='ocrx_word' id='word_1_170' title='bbox 401 1722 524 1778; x_wconf 67' lang='grc'><strong>66666116</strong></span> <span class='ocrx_word' id='word_1_171' title='bbox 540 1721 641 1770; x_wconf 85' lang='lat' dir='ltr'><strong>meliora</strong></span> <span class='ocrx_word' id='word_1_172' title='bbox 658 1727 723 1770; x_wconf 81' lang='lat' dir='ltr'><strong>statu</strong></span> <span class='ocrx_word' id='word_1_173' title='bbox 742 1721 872 1771; x_wconf 82' lang='lat' dir='ltr'><strong>subiratis</strong></span> <span class='ocrx_word' id='word_1_174' title='bbox 889 1719 1005 1769; x_wconf 85' lang='lat' dir='ltr'><strong>Romanis</strong></span> <span class='ocrx_word' id='word_1_175' title='bbox 1023 1720 1125 1774; x_wconf 77' lang='lat' dir='ltr'><strong>futuros,</strong></span> <span class='ocrx_word' id='word_1_176' title='bbox 1141 1731 1214 1780; x_wconf 82' lang='lat' dir='ltr'><strong>qaam</strong></span> <span class='ocrx_word' id='word_1_177' title='bbox 1231 1715 1275 1764; x_wconf 89' lang='lat' dir='ltr'><strong>sub</strong></span> 
     </span>
     <span class='ocr_line' id='line_1_19' title="bbox 177 1786 1150 1850; baseline -0.005 -16"><span class='ocrx_word' id='word_1_178' title='bbox 177 1786 260 1837; x_wconf 81' lang='lat' dir='ltr'><strong>etnicis</strong></span> <span class='ocrx_word' id='word_1_179' title='bbox 271 1786 512 1850; x_wconf 81' lang='lat' dir='ltr'><strong>Carthaginiensibus</strong></span> <span class='ocrx_word' id='word_1_180' title='bbox 522 1786 619 1835; x_wconf 80' lang='grc'><strong>166661.</strong></span> <span class='ocrx_word' id='word_1_181' title='bbox 1147 1808 1150 1812; x_wconf 92' lang='lat'><em>-</em></span> 
     </span>
    </p>
   </div>
   <div class='ocr_carea' id='block_1_9' title="bbox 508 1882 945 1940">
    <p class='ocr_par' dir='ltr' id='par_1_9' title="bbox 508 1882 945 1940">
     <span class='ocr_line' id='line_1_20' title="bbox 508 1882 945 1940; baseline 0.005 -8"><span class='ocrx_word' id='word_1_182' title='bbox 508 1888 532 1932; x_wconf 94' lang='grc'><strong>4.</strong></span> <span class='ocrx_word' id='word_1_183' title='bbox 544 1882 601 1933; x_wconf 78' lang='lat' dir='ltr'><strong>Etsi</strong></span> <span class='ocrx_word' id='word_1_184' title='bbox 610 1897 666 1931; x_wconf 89' lang='lat' dir='ltr'><strong>cum</strong></span> <span class='ocrx_word' id='word_1_185' title='bbox 676 1890 764 1940; x_wconf 76' lang='lat' dir='ltr'><strong>tamen,</strong></span> <span class='ocrx_word' id='word_1_186' title='bbox 774 1890 809 1938; x_wconf 86' lang='grc'><strong>61,</strong></span> <span class='ocrx_word' id='word_1_187' title='bbox 819 1889 847 1934; x_wconf 84' lang='grc'><strong>61</strong></span> <span class='ocrx_word' id='word_1_188' title='bbox 857 1891 945 1934; x_wconf 77' lang='lat' dir='ltr'><strong>tomen.</strong></span> 
     </span>
    </p>
   </div>
   <div class='ocr_carea' id='block_1_10' title="bbox 178 1957 1280 2535">
    <p class='ocr_par' dir='ltr' id='par_1_10' title="bbox 178 1957 1278 2154">
     <span class='ocr_line' id='line_1_21' title="bbox 185 1957 1277 2028; baseline 0.004 -18"><span class='ocrx_word' id='word_1_189' title='bbox 185 1965 190 1975; x_wconf 89' lang='grc'><em>“</em></span> <span class='ocrx_word' id='word_1_190' title='bbox 213 1961 271 2010; x_wconf 73' lang='lat' dir='ltr'><strong>Etsi</strong></span> <span class='ocrx_word' id='word_1_191' title='bbox 287 1976 335 2010; x_wconf 88' lang='lat' dir='ltr'><strong>uon</strong></span> <span class='ocrx_word' id='word_1_192' title='bbox 356 1957 433 2011; x_wconf 79' lang='lat' dir='ltr'><strong>&#39;solum</strong></span> <span class='ocrx_word' id='word_1_193' title='bbox 452 1967 530 2012; x_wconf 74' lang='lat' dir='ltr'><strong>tantm</strong></span> <span class='ocrx_word' id='word_1_194' title='bbox 550 1961 670 2018; x_wconf 73' lang='lat' dir='ltr'><strong>adsciscit,</strong></span> <span class='ocrx_word' id='word_1_195' title='bbox 693 1962 736 2010; x_wconf 81' lang='lat' dir='ltr'><strong>aad</strong></span> <span class='ocrx_word' id='word_1_196' title='bbox 749 1963 878 2028; x_wconf 80' lang='lat' dir='ltr'><strong>interdum·</strong></span> <span class='ocrx_word' id='word_1_197' title='bbox 893 1967 919 2011; x_wconf 89' lang='lat' dir='ltr'><strong>ot</strong></span> <span class='ocrx_word' id='word_1_198' title='bbox 939 1963 978 2010; x_wconf 83' lang='lat' dir='ltr'><strong>vel</strong></span> <span class='ocrx_word' id='word_1_199' title='bbox 994 1967 1108 2013; x_wconf 71' lang='grc'><strong>61166616.</strong></span> <span class='ocrx_word' id='word_1_200' title='bbox 1143 1963 1196 2013; x_wconf 81' lang='lat' dir='ltr'><strong>cic.</strong></span> <span class='ocrx_word' id='word_1_201' title='bbox 1216 1964 1236 2011; x_wconf 94' lang='grc'><strong>1.</strong></span> <span class='ocrx_word' id='word_1_202' title='bbox 1252 1968 1277 2014; x_wconf 96' lang='grc'><strong>6.</strong></span> 
     </span>
     <span class='ocr_line' id='line_1_22' title="bbox 179 2025 1278 2092; baseline 0.001 -17"><span class='ocrx_word' id='word_1_203' title='bbox 179 2027 248 2075; x_wconf 82' lang='lat' dir='ltr'><strong>Fam.</strong></span> <span class='ocrx_word' id='word_1_204' title='bbox 256 2040 291 2088; x_wconf 83' lang='lat' dir='ltr'><strong>ep.</strong></span> <span class='ocrx_word' id='word_1_205' title='bbox 302 2029 341 2076; x_wconf 92' lang='grc'><strong>19.</strong></span> <span class='ocrx_word' id='word_1_206' title='bbox 361 2025 414 2074; x_wconf 86' lang='lat' dir='ltr'><strong>Etsi</strong></span> <span class='ocrx_word' id='word_1_207' title='bbox 424 2027 493 2075; x_wconf 86' lang='lat' dir='ltr'><strong>abest</strong></span> <span class='ocrx_word' id='word_1_208' title='bbox 505 2026 626 2075; x_wconf 85' lang='lat' dir='ltr'><strong>maturitas</strong></span> <span class='ocrx_word' id='word_1_209' title='bbox 637 2027 727 2085; x_wconf 79' lang='lat' dir='ltr'><strong>atatis3</strong></span> <span class='ocrx_word' id='word_1_210' title='bbox 738 2025 790 2090; x_wconf 88' lang='lat' dir='ltr'><strong>jam</strong></span> <span class='ocrx_word' id='word_1_211' title='bbox 803 2034 884 2075; x_wconf 81' lang='lat' dir='ltr'><strong>tamen</strong></span> <span class='ocrx_word' id='word_1_212' title='bbox 899 2040 1028 2090; x_wconf 86' lang='lat' dir='ltr'><strong>personare</strong></span> <span class='ocrx_word' id='word_1_213' title='bbox 1041 2041 1110 2074; x_wconf 84' lang='lat' dir='ltr'><strong>aures</strong></span> <span class='ocrx_word' id='word_1_214' title='bbox 1125 2027 1177 2091; x_wconf 83' lang='lat' dir='ltr'><strong>ejus</strong></span> <span class='ocrx_word' id='word_1_215' title='bbox 1191 2027 1278 2092; x_wconf 83' lang='lat' dir='ltr'><strong>hujus·</strong></span> 
     </span>
     <span class='ocr_line' id='line_1_23' title="bbox 178 2089 1095 2154; baseline 0.002 -18"><span class='ocrx_word' id='word_1_216' title='bbox 178 2089 244 2137; x_wconf 88' lang='lat' dir='ltr'><strong>modi</strong></span> <span class='ocrx_word' id='word_1_217' title='bbox 254 2089 352 2137; x_wconf 86' lang='lat' dir='ltr'><strong>vocibus</strong></span> <span class='ocrx_word' id='word_1_218' title='bbox 362 2106 410 2139; x_wconf 91' lang='grc'><strong>666</strong></span> <span class='ocrx_word' id='word_1_219' title='bbox 422 2098 460 2138; x_wconf 72' lang='lat' dir='ltr'><strong>est</strong></span> <span class='ocrx_word' id='word_1_220' title='bbox 468 2090 562 2140; x_wconf 83' lang='lat' dir='ltr'><strong>inutile.</strong></span> <span class='ocrx_word' id='word_1_221' title='bbox 588 2091 603 2121; x_wconf 68' lang='lat'><strong><em>⁴</em></strong></span> <span class='ocrx_word' id='word_1_222' title='bbox 613 2091 785 2154; x_wconf 81' lang='lat' dir='ltr'>Exemplorum</span> <span class='ocrx_word' id='word_1_223' title='bbox 795 2092 862 2153; x_wconf 89' lang='lat' dir='ltr'><strong>pleni</strong></span> <span class='ocrx_word' id='word_1_224' title='bbox 873 2100 928 2138; x_wconf 83' lang='lat' dir='ltr'><strong>suut</strong></span> <span class='ocrx_word' id='word_1_225' title='bbox 938 2103 1020 2139; x_wconf 70' lang='lat' dir='ltr'><strong>omnes</strong></span> <span class='ocrx_word' id='word_1_226' title='bbox 1031 2090 1095 2140; x_wconf 88' lang='lat' dir='ltr'><strong>libri.</strong></span> 
     </span>
    </p>

    <p class='ocr_par' dir='ltr' id='par_1_11' title="bbox 212 2152 1278 2219">
     <span class='ocr_line' id='line_1_24' title="bbox 212 2152 1278 2219; baseline 0.003 -18"><span class='ocrx_word' id='word_1_227' title='bbox 212 2152 265 2202; x_wconf 84' lang='lat' dir='ltr'><strong>Cic.</strong></span> <span class='ocrx_word' id='word_1_228' title='bbox 275 2153 300 2200; x_wconf 92' lang='lat' dir='ltr'><strong>in</strong></span> <span class='ocrx_word' id='word_1_229' title='bbox 312 2156 382 2204; x_wconf 82' lang='lat' dir='ltr'><strong>Orat.</strong></span> <span class='ocrx_word' id='word_1_230' title='bbox 394 2170 416 2202; x_wconf 92' lang='lat' dir='ltr'><strong>c.</strong></span> <span class='ocrx_word' id='word_1_231' title='bbox 425 2159 466 2204; x_wconf 87' lang='grc'><strong>44.</strong></span> <span class='ocrx_word' id='word_1_232' title='bbox 481 2155 536 2216; x_wconf 79' lang='lat' dir='ltr'><strong>Etsi</strong></span> <span class='ocrx_word' id='word_1_233' title='bbox 545 2155 569 2203; x_wconf 88' lang='lat' dir='ltr'><strong>id</strong></span> <span class='ocrx_word' id='word_1_234' title='bbox 577 2155 663 2218; x_wconf 79' lang='lat' dir='ltr'><strong>ingerit</strong></span> <span class='ocrx_word' id='word_1_235' title='bbox 669 2157 782 2219; x_wconf 80' lang='lat' dir='ltr'><strong>magister</strong></span> <span class='ocrx_word' id='word_1_236' title='bbox 789 2155 842 2219; x_wconf 90' lang='lat' dir='ltr'><strong>ejus</strong></span> <span class='ocrx_word' id='word_1_237' title='bbox 848 2155 975 2211; x_wconf 82' lang='lat' dir='ltr'><strong>leocrates,</strong></span> <span class='ocrx_word' id='word_1_238' title='bbox 984 2163 1010 2204; x_wconf 83' lang='lat' dir='ltr'><strong>at</strong></span> <span class='ocrx_word' id='word_1_239' title='bbox 1017 2158 1066 2205; x_wconf 84' lang='grc'><strong>666</strong></span> <span class='ocrx_word' id='word_1_240' title='bbox 1071 2152 1242 2219; x_wconf 74' lang='lat' dir='ltr'><strong>Thucydides.</strong></span> <span class='ocrx_word' id='word_1_241' title='bbox 1253 2157 1278 2194; x_wconf 80' lang='lat'><strong>¹4</strong></span> 
     </span>
    </p>

    <p class='ocr_par' dir='ltr' id='par_1_12' title="bbox 178 2216 1280 2535">
     <span class='ocr_line' id='line_1_25' title="bbox 213 2216 1277 2285; baseline 0.005 -21"><span class='ocrx_word' id='word_1_242' title='bbox 213 2216 228 2245; x_wconf 73' lang='lat'><strong>¹*</strong></span> <span class='ocrx_word' id='word_1_243' title='bbox 245 2217 300 2264; x_wconf 88' lang='lat' dir='ltr'><strong>Huc</strong></span> <span class='ocrx_word' id='word_1_244' title='bbox 316 2219 440 2268; x_wconf 72' lang='lat' dir='ltr'><strong>resarciti</strong></span> <span class='ocrx_word' id='word_1_245' title='bbox 458 2233 505 2266; x_wconf 80' lang='lat' dir='ltr'><strong>aon</strong></span> <span class='ocrx_word' id='word_1_246' title='bbox 522 2235 576 2267; x_wconf 89' lang='lat' dir='ltr'><strong>cum</strong></span> <span class='ocrx_word' id='word_1_247' title='bbox 592 2219 736 2276; x_wconf 82' lang='lat' dir='ltr'><strong>nominibus,</strong></span> <span class='ocrx_word' id='word_1_248' title='bbox 757 2228 873 2282; x_wconf 82' lang='lat' dir='ltr'><strong>sequente</strong></span> <span class='ocrx_word' id='word_1_249' title='bbox 893 2225 927 2268; x_wconf 88' lang='lat' dir='ltr'><strong>ot.</strong></span> <span class='ocrx_word' id='word_1_250' title='bbox 948 2221 1001 2270; x_wconf 85' lang='lat' dir='ltr'><strong>Cic.</strong></span> <span class='ocrx_word' id='word_1_251' title='bbox 1018 2220 1112 2269; x_wconf 72' lang='grc'><strong>1166</strong></span> <span class='ocrx_word' id='word_1_252' title='bbox 1129 2220 1183 2285; x_wconf 76' lang='lat' dir='ltr'><strong>Off.</strong></span> <span class='ocrx_word' id='word_1_253' title='bbox 1199 2225 1277 2277; x_wconf 73' lang='grc'><strong>611.</strong></span> 
     </span>
     <span class='ocr_line' id='line_1_26' title="bbox 178 2279 1280 2348; baseline 0.006 -22"><span class='ocrx_word' id='word_1_254' title='bbox 178 2279 204 2327; x_wconf 85' lang='lat' dir='ltr'><strong>Si</strong></span> <span class='ocrx_word' id='word_1_255' title='bbox 221 2280 278 2327; x_wconf 88' lang='lat' dir='ltr'><strong>mihi</strong></span> <span class='ocrx_word' id='word_1_256' title='bbox 292 2280 480 2344; x_wconf 73' lang='lat' dir='ltr'><strong>obtemperatum</strong></span> <span class='ocrx_word' id='word_1_257' title='bbox 498 2290 570 2339; x_wconf 85' lang='lat' dir='ltr'><strong>esset,</strong></span> <span class='ocrx_word' id='word_1_258' title='bbox 588 2283 633 2330; x_wconf 85' lang='lat' dir='ltr'><strong>etsi</strong></span> <span class='ocrx_word' id='word_1_259' title='bbox 649 2297 698 2330; x_wconf 91' lang='lat' dir='ltr'><strong>non</strong></span> <span class='ocrx_word' id='word_1_260' title='bbox 720 2285 841 2347; x_wconf 86' lang='lat' dir='ltr'><strong>optimam,</strong></span> <span class='ocrx_word' id='word_1_261' title='bbox 862 2289 887 2330; x_wconf 87' lang='lat' dir='ltr'><strong>at</strong></span> <span class='ocrx_word' id='word_1_262' title='bbox 908 2282 1010 2345; x_wconf 82' lang='lat' dir='ltr'><strong>aliquam</strong></span> <span class='ocrx_word' id='word_1_263' title='bbox 1033 2284 1108 2348; x_wconf 80' lang='lat' dir='ltr'><strong>remp.</strong></span> <span class='ocrx_word' id='word_1_264' title='bbox 1125 2285 1280 2334; x_wconf 73' lang='lat' dir='ltr'><strong>haberemus.</strong></span> 
     </span>
     <span class='ocr_line' id='line_1_27' title="bbox 186 2343 1278 2410; baseline 0.005 -18"><span class='ocrx_word' id='word_1_265' title='bbox 186 2343 262 2392; x_wconf 72' lang='lat' dir='ltr'><strong>Varro</strong></span> <span class='ocrx_word' id='word_1_266' title='bbox 273 2344 292 2393; x_wconf 94' lang='lat' dir='ltr'><strong>l.</strong></span> <span class='ocrx_word' id='word_1_267' title='bbox 303 2352 327 2392; x_wconf 82' lang='grc'><strong>1.</strong></span> <span class='ocrx_word' id='word_1_268' title='bbox 342 2348 372 2395; x_wconf 83' lang='lat' dir='ltr'><strong>de</strong></span> <span class='ocrx_word' id='word_1_269' title='bbox 394 2346 466 2408; x_wconf 72' lang='lat' dir='ltr'><strong>ling.</strong></span> <span class='ocrx_word' id='word_1_270' title='bbox 483 2346 540 2395; x_wconf 82' lang='lat' dir='ltr'><strong>Lot.</strong></span> <span class='ocrx_word' id='word_1_271' title='bbox 560 2362 582 2394; x_wconf 92' lang='lat' dir='ltr'><strong>c.</strong></span> <span class='ocrx_word' id='word_1_272' title='bbox 595 2351 617 2394; x_wconf 93' lang='lat'><strong>1.</strong></span> <span class='ocrx_word' id='word_1_273' title='bbox 637 2347 736 2395; x_wconf 80' lang='lat' dir='ltr'><strong>Sueten.</strong></span> <span class='ocrx_word' id='word_1_274' title='bbox 755 2348 847 2396; x_wconf 77' lang='lat' dir='ltr'><strong>Neron.</strong></span> <span class='ocrx_word' id='word_1_275' title='bbox 862 2363 885 2394; x_wconf 93' lang='lat' dir='ltr'><strong>c.</strong></span> <span class='ocrx_word' id='word_1_276' title='bbox 901 2351 942 2395; x_wconf 77' lang='grc'><strong>13.</strong></span> <span class='ocrx_word' id='word_1_277' title='bbox 965 2349 1018 2396; x_wconf 82' lang='lat' dir='ltr'><strong>Cic.</strong></span> <span class='ocrx_word' id='word_1_278' title='bbox 1038 2348 1056 2395; x_wconf 89' lang='lat' dir='ltr'><strong>l.</strong></span> <span class='ocrx_word' id='word_1_279' title='bbox 1067 2352 1092 2396; x_wconf 90' lang='grc'><strong>6.</strong></span> <span class='ocrx_word' id='word_1_280' title='bbox 1110 2349 1181 2396; x_wconf 75' lang='lat' dir='ltr'><strong>Fora.</strong></span> <span class='ocrx_word' id='word_1_281' title='bbox 1198 2362 1237 2410; x_wconf 81' lang='lat' dir='ltr'><strong>ep.</strong></span> <span class='ocrx_word' id='word_1_282' title='bbox 1254 2355 1278 2399; x_wconf 89' lang='grc'><strong>6.</strong></span> 
     </span>
     <span class='ocr_line' id='line_1_28' title="bbox 183 2407 1280 2472; baseline 0.005 -18"><span class='ocrx_word' id='word_1_283' title='bbox 183 2407 287 2455; x_wconf 71' lang='grc'><strong>06616.</strong></span> <span class='ocrx_word' id='word_1_284' title='bbox 301 2411 326 2457; x_wconf 88' lang='grc'><strong>4.</strong></span> <span class='ocrx_word' id='word_1_285' title='bbox 339 2408 392 2456; x_wconf 78' lang='lat' dir='ltr'><strong>Etsi</strong></span> <span class='ocrx_word' id='word_1_286' title='bbox 401 2423 549 2472; x_wconf 80' lang='lat' dir='ltr'><strong>nequaquam</strong></span> <span class='ocrx_word' id='word_1_287' title='bbox 561 2424 644 2471; x_wconf 83' lang='lat' dir='ltr'><strong>parem</strong></span> <span class='ocrx_word' id='word_1_288' title='bbox 653 2411 719 2457; x_wconf 84' lang='lat' dir='ltr'><strong>iilius</strong></span> <span class='ocrx_word' id='word_1_289' title='bbox 730 2411 835 2472; x_wconf 83' lang='lat' dir='ltr'><strong>iugenio,</strong></span> <span class='ocrx_word' id='word_1_290' title='bbox 846 2416 871 2457; x_wconf 90' lang='lat' dir='ltr'><strong>at</strong></span> <span class='ocrx_word' id='word_1_291' title='bbox 880 2425 924 2472; x_wconf 93' lang='lat' dir='ltr'><strong>pro</strong></span> <span class='ocrx_word' id='word_1_292' title='bbox 934 2418 1016 2458; x_wconf 89' lang='lat' dir='ltr'><strong>nostro</strong></span> <span class='ocrx_word' id='word_1_293' title='bbox 1033 2422 1114 2461; x_wconf 87' lang='lat' dir='ltr'><strong>tamen</strong></span> <span class='ocrx_word' id='word_1_294' title='bbox 1129 2411 1212 2460; x_wconf 83' lang='lat' dir='ltr'><strong>studio</strong></span> <span class='ocrx_word' id='word_1_295' title='bbox 1228 2428 1280 2460; x_wconf 87' lang='lat' dir='ltr'><strong>nte·</strong></span> 
     </span>
     <span class='ocr_line' id='line_1_29' title="bbox 179 2469 677 2535; baseline 0 -17"><span class='ocrx_word' id='word_1_296' title='bbox 179 2469 248 2518; x_wconf 78' lang='lat' dir='ltr'><strong>ritant</strong></span> <span class='ocrx_word' id='word_1_297' title='bbox 267 2472 367 2535; x_wconf 80' lang='lat' dir='ltr'><strong>gratiam</strong></span> <span class='ocrx_word' id='word_1_298' title='bbox 378 2470 529 2533; x_wconf 73' lang='lat' dir='ltr'><strong>debitamque</strong></span> <span class='ocrx_word' id='word_1_299' title='bbox 540 2473 677 2520; x_wconf 76' lang='lat' dir='ltr'><strong>reseramus.</strong></span> 
     </span>
    </p>
   </div>
   <div class='ocr_carea' id='block_1_11' title="bbox 566 2586 893 2637">
    <p class='ocr_par' dir='ltr' id='par_1_13' title="bbox 566 2586 893 2637">
     <span class='ocr_line' id='line_1_30' title="bbox 566 2586 893 2637; baseline -0.006 -1"><span class='ocrx_word' id='word_1_300' title='bbox 566 2586 581 2617; x_wconf 75' lang='lat'><em>*</em></span> <span class='ocrx_word' id='word_1_301' title='bbox 593 2591 616 2636; x_wconf 82' lang='lat'><strong>⁵.</strong></span> <span class='ocrx_word' id='word_1_302' title='bbox 627 2587 686 2636; x_wconf 81' lang='lat' dir='ltr'><strong>Etsi</strong></span> <span class='ocrx_word' id='word_1_303' title='bbox 701 2594 808 2636; x_wconf 81' lang='lat' dir='ltr'><strong>uon-ot</strong></span> <span class='ocrx_word' id='word_1_304' title='bbox 822 2593 893 2637; x_wconf 81' lang='lat' dir='ltr'><strong>certe.</strong></span> 
     </span>
    </p>
   </div>
   <div class='ocr_carea' id='block_1_12' title="bbox 178 2664 1282 2792">
    <p class='ocr_par' dir='ltr' id='par_1_14' title="bbox 178 2664 1282 2792">
     <span class='ocr_line' id='line_1_31' title="bbox 189 2664 1282 2732; baseline 0.005 -18"><span class='ocrx_word' id='word_1_305' title='bbox 189 2702 192 2707; x_wconf 80' lang='grc'><strong>.</strong></span> <span class='ocrx_word' id='word_1_306' title='bbox 216 2664 294 2715; x_wconf 71' lang='lat' dir='ltr'><strong>Tacit.</strong></span> <span class='ocrx_word' id='word_1_307' title='bbox 307 2667 352 2713; x_wconf 82' lang='lat' dir='ltr'><strong>Or.</strong></span> <span class='ocrx_word' id='word_1_308' title='bbox 363 2681 385 2715; x_wconf 90' lang='lat' dir='ltr'><strong>c.</strong></span> <span class='ocrx_word' id='word_1_309' title='bbox 394 2670 434 2714; x_wconf 88' lang='grc'><strong>19.</strong></span> <span class='ocrx_word' id='word_1_310' title='bbox 445 2669 459 2730; x_wconf 64' lang='lat' dir='ltr'><strong>t</strong></span> <span class='ocrx_word' id='word_1_311' title='bbox 471 2670 495 2714; x_wconf 92' lang='grc'><strong>6.</strong></span> <span class='ocrx_word' id='word_1_312' title='bbox 518 2665 567 2714; x_wconf 87' lang='lat' dir='ltr'><strong>Vix</strong></span> <span class='ocrx_word' id='word_1_313' title='bbox 577 2665 603 2713; x_wconf 90' lang='lat' dir='ltr'><strong>in</strong></span> <span class='ocrx_word' id='word_1_314' title='bbox 613 2665 705 2714; x_wconf 84' lang='lat' dir='ltr'><strong>cortina</strong></span> <span class='ocrx_word' id='word_1_315' title='bbox 715 2666 843 2728; x_wconf 88' lang='lat' dir='ltr'><strong>quisquam</strong></span> <span class='ocrx_word' id='word_1_316' title='bbox 848 2668 947 2730; x_wconf 75' lang='lat' dir='ltr'><strong>assistit,</strong></span> <span class='ocrx_word' id='word_1_317' title='bbox 957 2668 999 2732; x_wconf 88' lang='lat' dir='ltr'><strong>qui</strong></span> <span class='ocrx_word' id='word_1_318' title='bbox 1007 2667 1135 2719; x_wconf 84' lang='lat' dir='ltr'><strong>elementis</strong></span> <span class='ocrx_word' id='word_1_319' title='bbox 1142 2669 1282 2720; x_wconf 88' lang='lat' dir='ltr'><strong>studiorum</strong></span> 
     </span>
     <span class='ocr_line' id='line_1_32' title="bbox 178 2729 1005 2792; baseline 0.004 -14"><span class='ocrx_word' id='word_1_320' title='bbox 178 2729 226 2778; x_wconf 88' lang='lat' dir='ltr'><strong>etsi</strong></span> <span class='ocrx_word' id='word_1_321' title='bbox 235 2744 284 2777; x_wconf 87' lang='lat' dir='ltr'><strong>nou</strong></span> <span class='ocrx_word' id='word_1_322' title='bbox 292 2729 433 2786; x_wconf 78' lang='lat' dir='ltr'><strong>instructus,</strong></span> <span class='ocrx_word' id='word_1_323' title='bbox 443 2740 468 2779; x_wconf 86' lang='lat' dir='ltr'><strong>at</strong></span> <span class='ocrx_word' id='word_1_324' title='bbox 479 2737 545 2778; x_wconf 75' lang='lat' dir='ltr'><strong>certa</strong></span> <span class='ocrx_word' id='word_1_325' title='bbox 555 2731 662 2781; x_wconf 87' lang='lat' dir='ltr'><strong>imbutus</strong></span> <span class='ocrx_word' id='word_1_326' title='bbox 673 2731 713 2777; x_wconf 86' lang='lat' dir='ltr'><strong>sit.</strong></span> <span class='ocrx_word' id='word_1_327' title='bbox 729 2731 828 2781; x_wconf 76' lang='lat' dir='ltr'><strong>Sation·</strong></span> <span class='ocrx_word' id='word_1_328' title='bbox 840 2732 920 2792; x_wconf 79' lang='lat' dir='ltr'><strong>Colig.</strong></span> <span class='ocrx_word' id='word_1_329' title='bbox 932 2749 954 2780; x_wconf 79' lang='lat' dir='ltr'><strong>c·</strong></span> <span class='ocrx_word' id='word_1_330' title='bbox 965 2736 1005 2783; x_wconf 86' lang='grc'><strong>11.</strong></span> 
     </span>
    </p>
   </div>
   <div class='ocr_carea' id='block_1_13' title="bbox 496 2843 960 2902">
    <p class='ocr_par' dir='ltr' id='par_1_15' title="bbox 496 2843 960 2902">
     <span class='ocr_line' id='line_1_33' title="bbox 496 2843 960 2902; baseline 0.002 -10"><span class='ocrx_word' id='word_1_331' title='bbox 496 2843 511 2874; x_wconf 75' lang='grc'>’</span> <span class='ocrx_word' id='word_1_332' title='bbox 523 2847 548 2892; x_wconf 89' lang='grc'><strong>6.</strong></span> <span class='ocrx_word' id='word_1_333' title='bbox 564 2843 718 2894; x_wconf 79' lang='lat' dir='ltr'><strong>Elei-certe</strong></span> <span class='ocrx_word' id='word_1_334' title='bbox 725 2859 735 2902; x_wconf 91' lang='lat'><strong>,·</strong></span> <span class='ocrx_word' id='word_1_335' title='bbox 752 2845 798 2893; x_wconf 81' lang='lat' dir='ltr'><strong>etsi</strong></span> <span class='ocrx_word' id='word_1_336' title='bbox 810 2850 960 2897; x_wconf 75' lang='lat' dir='ltr'><strong>noa—certo.</strong></span> 
     </span>
    </p>
   </div>
   <div class='ocr_carea' id='block_1_14' title="bbox 183 2921 1291 3162">
    <p class='ocr_par' dir='ltr' id='par_1_16' title="bbox 183 2921 1291 3162">
     <span class='ocr_line' id='line_1_34' title="bbox 218 2921 1282 2986; baseline 0.006 -16"><span class='ocrx_word' id='word_1_337' title='bbox 218 2922 270 2971; x_wconf 86' lang='lat' dir='ltr'><strong>Cic.</strong></span> <span class='ocrx_word' id='word_1_338' title='bbox 280 2938 325 2985; x_wconf 85' lang='lat' dir='ltr'><strong>pro</strong></span> <span class='ocrx_word' id='word_1_339' title='bbox 343 2925 455 2973; x_wconf 80' lang='lat' dir='ltr'><strong>Marcell.</strong></span> <span class='ocrx_word' id='word_1_340' title='bbox 471 2927 528 2976; x_wconf 83' lang='grc'><strong>6.,6.</strong></span> <span class='ocrx_word' id='word_1_341' title='bbox 550 2921 603 2970; x_wconf 84' lang='lat' dir='ltr'><strong>Etsi</strong></span> <span class='ocrx_word' id='word_1_342' title='bbox 621 2922 700 2984; x_wconf 82' lang='lat' dir='ltr'><strong>aliqua</strong></span> <span class='ocrx_word' id='word_1_343' title='bbox 716 2924 788 2986; x_wconf 82' lang='lat' dir='ltr'><strong>culpa</strong></span> <span class='ocrx_word' id='word_1_344' title='bbox 803 2933 912 2973; x_wconf 76' lang='lat' dir='ltr'><strong>tenemur</strong></span> <span class='ocrx_word' id='word_1_345' title='bbox 929 2927 1016 2974; x_wconf 81' lang='lat' dir='ltr'><strong>amoris</strong></span> <span class='ocrx_word' id='word_1_346' title='bbox 1032 2926 1138 2982; x_wconf 83' lang='lat' dir='ltr'><strong>humaui,</strong></span> <span class='ocrx_word' id='word_1_347' title='bbox 1156 2942 1172 2975; x_wconf 88' lang='lat' dir='ltr'><strong>a</strong></span> <span class='ocrx_word' id='word_1_348' title='bbox 1187 2928 1282 2976; x_wconf 85' lang='lat' dir='ltr'><strong>scelera</strong></span> 
     </span>
     <span class='ocr_line' id='line_1_35' title="bbox 184 2986 1283 3056; baseline 0.005 -22"><span class='ocrx_word' id='word_1_349' title='bbox 184 2994 249 3034; x_wconf 82' lang='lat' dir='ltr'><strong>certa</strong></span> <span class='ocrx_word' id='word_1_350' title='bbox 261 2986 355 3034; x_wconf 87' lang='lat' dir='ltr'><strong>liberati</strong></span> <span class='ocrx_word' id='word_1_351' title='bbox 371 2994 463 3034; x_wconf 82' lang='lat' dir='ltr'><strong>sumus.</strong></span> <span class='ocrx_word' id='word_1_352' title='bbox 495 2986 552 3036; x_wconf 75' lang='lat' dir='ltr'><strong>Lib.</strong></span> <span class='ocrx_word' id='word_1_353' title='bbox 569 2987 584 3034; x_wconf 95' lang='lat' dir='ltr'><strong>l.</strong></span> <span class='ocrx_word' id='word_1_354' title='bbox 595 2989 620 3034; x_wconf 77' lang='grc'><strong>1.</strong></span> <span class='ocrx_word' id='word_1_355' title='bbox 629 3001 650 3034; x_wconf 85' lang='grc'><strong>6.</strong></span> <span class='ocrx_word' id='word_1_356' title='bbox 659 2989 683 3033; x_wconf 85' lang='grc'><strong>6.</strong></span> <span class='ocrx_word' id='word_1_357' title='bbox 700 2987 754 3034; x_wconf 86' lang='grc' dir='ltr'><strong>Ε161</strong></span> <span class='ocrx_word' id='word_1_358' title='bbox 764 2988 884 3052; x_wconf 82' lang='lat' dir='ltr'><strong>adjectum</strong></span> <span class='ocrx_word' id='word_1_359' title='bbox 903 2988 994 3050; x_wconf 88' lang='lat' dir='ltr'><strong>aliquid</strong></span> <span class='ocrx_word' id='word_1_360' title='bbox 1012 3005 1111 3038; x_wconf 81' lang='lat' dir='ltr'><strong>numero</strong></span> <span class='ocrx_word' id='word_1_361' title='bbox 1130 2990 1171 3046; x_wconf 86' lang='lat' dir='ltr'><strong>sit,</strong></span> <span class='ocrx_word' id='word_1_362' title='bbox 1192 3007 1283 3056; x_wconf 82' lang='lat' dir='ltr'><strong>magua</strong></span> 
     </span>
     <span class='ocr_line' id='line_1_36' title="bbox 183 3048 1291 3119; baseline 0.008 -24"><span class='ocrx_word' id='word_1_363' title='bbox 183 3056 249 3096; x_wconf 86' lang='lat' dir='ltr'><strong>certe</strong></span> <span class='ocrx_word' id='word_1_364' title='bbox 261 3051 339 3097; x_wconf 82' lang='lat' dir='ltr'><strong>caedes</strong></span> <span class='ocrx_word' id='word_1_365' title='bbox 349 3050 403 3098; x_wconf 82' lang='lat' dir='ltr'><strong>fuit.</strong></span> <span class='ocrx_word' id='word_1_366' title='bbox 431 3051 496 3113; x_wconf 75' lang='grc'><strong>161.</strong></span> <span class='ocrx_word' id='word_1_367' title='bbox 508 3053 548 3098; x_wconf 82' lang='grc'><strong>16.</strong></span> <span class='ocrx_word' id='word_1_368' title='bbox 562 3066 584 3097; x_wconf 88' lang='lat' dir='ltr'><strong>c.</strong></span> <span class='ocrx_word' id='word_1_369' title='bbox 595 3055 620 3099; x_wconf 87' lang='grc'><strong>6.</strong></span> <span class='ocrx_word' id='word_1_370' title='bbox 642 3048 682 3097; x_wconf 80' lang='lat' dir='ltr'><strong>Dt</strong></span> <span class='ocrx_word' id='word_1_371' title='bbox 693 3050 763 3099; x_wconf 88' lang='lat' dir='ltr'><strong>nobis</strong></span> <span class='ocrx_word' id='word_1_372' title='bbox 773 3054 878 3102; x_wconf 84' lang='grc'><strong>6161666</strong></span> <span class='ocrx_word' id='word_1_373' title='bbox 886 3053 1005 3115; x_wconf 83' lang='lat' dir='ltr'><strong>iniquum,</strong></span> <span class='ocrx_word' id='word_1_374' title='bbox 1015 3062 1081 3103; x_wconf 77' lang='lat' dir='ltr'><strong>carta</strong></span> <span class='ocrx_word' id='word_1_375' title='bbox 1091 3055 1159 3104; x_wconf 87' lang='lat' dir='ltr'><strong>triste</strong></span> <span class='ocrx_word' id='word_1_376' title='bbox 1170 3067 1291 3119; x_wconf 66' lang='grc'><strong>6666166,</strong></span> 
     </span>
     <span class='ocr_line' id='line_1_37' title="bbox 184 3113 737 3162; baseline 0.004 -3"><span class='ocrx_word' id='word_1_377' title='bbox 184 3113 419 3162; x_wconf 79' lang='lat' dir='ltr'><strong>consultumdactum</strong></span> <span class='ocrx_word' id='word_1_378' title='bbox 428 3120 475 3161; x_wconf 88' lang='grc'><strong>661.</strong></span> <span class='ocrx_word' id='word_1_379' title='bbox 639 3119 642 3125; x_wconf 92' lang='lat'>&#39;</span> <span class='ocrx_word' id='word_1_380' title='bbox 735 3144 737 3149; x_wconf 67' lang='lat'>‹</span> 
     </span>
    </p>
   </div>
   <div class='ocr_carea' id='block_1_15' title="bbox 606 3229 854 3280">
    <p class='ocr_par' dir='ltr' id='par_1_17' title="bbox 606 3229 854 3280">
     <span class='ocr_line' id='line_1_38' title="bbox 606 3229 854 3280; baseline 0.016 -4"><span class='ocrx_word' id='word_1_381' title='bbox 606 3229 621 3256; x_wconf 68' lang='lat'>⁸</span> <span class='ocrx_word' id='word_1_382' title='bbox 633 3233 657 3277; x_wconf 85' lang='grc'><strong>7.</strong></span> <span class='ocrx_word' id='word_1_383' title='bbox 673 3231 854 3280; x_wconf 81' lang='lat' dir='ltr'><strong>Etsi-saitem.</strong></span> 
     </span>
    </p>
   </div>
   <div class='ocr_carea' id='block_1_16' title="bbox 184 3303 1283 3440">
    <p class='ocr_par' dir='ltr' id='par_1_18' title="bbox 184 3303 1283 3440">
     <span class='ocr_line' id='line_1_39' title="bbox 189 3303 1283 3376; baseline 0.01 -25"><span class='ocrx_word' id='word_1_384' title='bbox 189 3336 193 3341; x_wconf 82' lang='lat'><em>-</em></span> <span class='ocrx_word' id='word_1_385' title='bbox 217 3303 272 3352; x_wconf 72' lang='lat' dir='ltr'><strong>niv.</strong></span> <span class='ocrx_word' id='word_1_386' title='bbox 279 3304 300 3351; x_wconf 83' lang='grc'><strong>’1.</strong></span> <span class='ocrx_word' id='word_1_387' title='bbox 311 3308 336 3352; x_wconf 89' lang='grc'><strong>1.</strong></span> <span class='ocrx_word' id='word_1_388' title='bbox 347 3321 369 3354; x_wconf 88' lang='grc'><strong>6.</strong></span> <span class='ocrx_word' id='word_1_389' title='bbox 376 3311 419 3355; x_wconf 74' lang='lat' dir='ltr'><strong>di.</strong></span> <span class='ocrx_word' id='word_1_390' title='bbox 437 3305 492 3354; x_wconf 91' lang='lat' dir='ltr'><strong>Nec</strong></span> <span class='ocrx_word' id='word_1_391' title='bbox 501 3306 564 3360; x_wconf 82' lang='lat' dir='ltr'><strong>illos,</strong></span> <span class='ocrx_word' id='word_1_392' title='bbox 581 3307 626 3354; x_wconf 84' lang='lat' dir='ltr'><strong>etsi</strong></span> <span class='ocrx_word' id='word_1_393' title='bbox 646 3322 695 3354; x_wconf 92' lang='grc'><strong>666</strong></span> <span class='ocrx_word' id='word_1_394' title='bbox 711 3309 846 3357; x_wconf 76' lang='lat' dir='ltr'><strong>adhortatio</strong></span> <span class='ocrx_word' id='word_1_395' title='bbox 862 3312 933 3360; x_wconf 77' lang='lat' dir='ltr'><strong>invisi</strong></span> <span class='ocrx_word' id='word_1_396' title='bbox 944 3313 1021 3369; x_wconf 85' lang='lat' dir='ltr'><strong>ducis,</strong></span> <span class='ocrx_word' id='word_1_397' title='bbox 1032 3326 1104 3360; x_wconf 87' lang='lat' dir='ltr'><strong>suttm</strong></span> <span class='ocrx_word' id='word_1_398' title='bbox 1112 3313 1200 3362; x_wconf 70' lang='lat' dir='ltr'><strong>uitem</strong></span> <span class='ocrx_word' id='word_1_399' title='bbox 1211 3313 1283 3376; x_wconf 76' lang='lat' dir='ltr'><strong>flagi-</strong></span> 
     </span>
     <span class='ocr_line' id='line_1_40' title="bbox 184 3365 980 3440; baseline 0.014 -25"><span class='ocrx_word' id='word_1_400' title='bbox 184 3365 245 3415; x_wconf 79' lang='lat' dir='ltr'><strong>tium</strong></span> <span class='ocrx_word' id='word_1_401' title='bbox 253 3375 279 3416; x_wconf 89' lang='lat' dir='ltr'><strong>et</strong></span> <span class='ocrx_word' id='word_1_402' title='bbox 284 3370 409 3431; x_wconf 88' lang='lat' dir='ltr'><strong>publicum</strong></span> <span class='ocrx_word' id='word_1_403' title='bbox 417 3370 523 3419; x_wconf 86' lang='lat' dir='ltr'><strong>dedecus</strong></span> <span class='ocrx_word' id='word_1_404' title='bbox 534 3385 618 3432; x_wconf 83' lang='lat' dir='ltr'><strong>cogere</strong></span> <span class='ocrx_word' id='word_1_405' title='bbox 629 3373 716 3434; x_wconf 89' lang='lat' dir='ltr'><strong>potuit,</strong></span> <span class='ocrx_word' id='word_1_406' title='bbox 729 3375 862 3422; x_wconf 87' lang='lat' dir='ltr'><strong>accelerare</strong></span> <span class='ocrx_word' id='word_1_407' title='bbox 873 3377 980 3440; x_wconf 77' lang='lat' dir='ltr'><strong>gradum.</strong></span> 
     </span>
    </p>
   </div>
   <div class='ocr_carea' id='block_1_17' title="bbox 357 3462 1106 3542">
    <p class='ocr_par' dir='ltr' id='par_1_19' title="bbox 357 3462 1106 3542">
     <span class='ocr_line' id='line_1_41' title="bbox 357 3462 1106 3542; baseline 0.012 -13"><span class='ocrx_word' id='word_1_408' title='bbox 357 3484 381 3530; x_wconf 86' lang='lat'><strong>8.</strong></span> <span class='ocrx_word' id='word_1_409' title='bbox 400 3483 456 3531; x_wconf 79' lang='lat' dir='ltr'><strong>Etsi</strong></span> <span class='ocrx_word' id='word_1_410' title='bbox 467 3497 523 3530; x_wconf 85' lang='lat' dir='ltr'><strong>cum</strong></span> <span class='ocrx_word' id='word_1_411' title='bbox 533 3462 590 3538; x_wconf 67' lang='lat' dir='ltr'><strong>aad.</strong></span> <span class='ocrx_word' id='word_1_412' title='bbox 601 3486 642 3533; x_wconf 81' lang='lat' dir='ltr'><strong>scd</strong></span> <span class='ocrx_word' id='word_1_413' title='bbox 658 3492 745 3542; x_wconf 83' lang='lat' dir='ltr'><strong>tomen,</strong></span> <span class='ocrx_word' id='word_1_414' title='bbox 763 3503 844 3537; x_wconf 77' lang='lat' dir='ltr'><strong>oerum</strong></span> <span class='ocrx_word' id='word_1_415' title='bbox 856 3494 934 3539; x_wconf 82' lang='lat' dir='ltr'><strong>tomen</strong></span> <span class='ocrx_word' id='word_1_416' title='bbox 944 3489 1032 3538; x_wconf 87' lang='lat' dir='ltr'><strong>rariora</strong></span> <span class='ocrx_word' id='word_1_417' title='bbox 1041 3497 1106 3539; x_wconf 87' lang='grc'><strong>6661.</strong></span> 
     </span>
    </p>
   </div>
   <div class='ocr_carea' id='block_1_18' title="bbox 182 3560 1287 3896">
    <p class='ocr_par' dir='ltr' id='par_1_20' title="bbox 182 3560 1287 3824">
     <span class='ocr_line' id='line_1_42' title="bbox 216 3560 1286 3637; baseline 0.01 -27"><span class='ocrx_word' id='word_1_418' title='bbox 216 3560 273 3610; x_wconf 81' lang='lat' dir='ltr'><strong>Etsi</strong></span> <span class='ocrx_word' id='word_1_419' title='bbox 279 3560 387 3624; x_wconf 83' lang='lat' dir='ltr'><strong>jungitur</strong></span> <span class='ocrx_word' id='word_1_420' title='bbox 401 3563 524 3611; x_wconf 86' lang='lat' dir='ltr'><strong>interdum</strong></span> <span class='ocrx_word' id='word_1_421' title='bbox 540 3579 595 3611; x_wconf 87' lang='lat' dir='ltr'><strong>cum</strong></span> <span class='ocrx_word' id='word_1_422' title='bbox 605 3567 805 3625; x_wconf 64' lang='lat' dir='ltr'><strong>comoediarum,</strong></span> <span class='ocrx_word' id='word_1_423' title='bbox 817 3583 899 3618; x_wconf 82' lang='lat' dir='ltr'><strong>voram</strong></span> <span class='ocrx_word' id='word_1_424' title='bbox 909 3575 996 3619; x_wconf 85' lang='lat' dir='ltr'><strong>tomca.</strong></span> <span class='ocrx_word' id='word_1_425' title='bbox 1017 3571 1082 3619; x_wconf 72' lang='lat' dir='ltr'><strong>¹Cio.</strong></span> <span class='ocrx_word' id='word_1_426' title='bbox 1096 3571 1113 3618; x_wconf 93' lang='lat' dir='ltr'><strong>l.</strong></span> <span class='ocrx_word' id='word_1_427' title='bbox 1128 3568 1153 3619; x_wconf 91' lang='grc'><strong>9.</strong></span> <span class='ocrx_word' id='word_1_428' title='bbox 1165 3571 1286 3637; x_wconf 69' lang='lat' dir='ltr'><strong>Fam-cp.</strong></span> 
     </span>
     <span class='ocr_line' id='line_1_43' title="bbox 186 3623 1286 3696; baseline 0.012 -24"><span class='ocrx_word' id='word_1_429' title='bbox 186 3627 226 3673; x_wconf 90' lang='grc'><strong>16.</strong></span> <span class='ocrx_word' id='word_1_430' title='bbox 250 3623 304 3671; x_wconf 84' lang='lat' dir='ltr'><strong>Etsi</strong></span> <span class='ocrx_word' id='word_1_431' title='bbox 318 3626 419 3687; x_wconf 87' lang='lat' dir='ltr'><strong>posuisti</strong></span> <span class='ocrx_word' id='word_1_432' title='bbox 436 3628 491 3675; x_wconf 87' lang='lat' dir='ltr'><strong>loco</strong></span> <span class='ocrx_word' id='word_1_433' title='bbox 507 3643 591 3676; x_wconf 87' lang='lat' dir='ltr'><strong>versus</strong></span> <span class='ocrx_word' id='word_1_434' title='bbox 610 3629 739 3688; x_wconf 79' lang='lat' dir='ltr'><strong>Accianos,</strong></span> <span class='ocrx_word' id='word_1_435' title='bbox 752 3632 796 3680; x_wconf 89' lang='lat' dir='ltr'><strong>sed</strong></span> <span class='ocrx_word' id='word_1_436' title='bbox 815 3646 869 3694; x_wconf 75' lang='lat' dir='ltr'><strong>quae</strong></span> <span class='ocrx_word' id='word_1_437' title='bbox 888 3640 926 3682; x_wconf 87' lang='lat' dir='ltr'><strong>est</strong></span> <span class='ocrx_word' id='word_1_438' title='bbox 942 3634 1048 3682; x_wconf 86' lang='lat' dir='ltr'><strong>invidia?</strong></span> <span class='ocrx_word' id='word_1_439' title='bbox 1063 3633 1104 3696; x_wconf 85' lang='grc'><strong>(16</strong></span> <span class='ocrx_word' id='word_1_440' title='bbox 1115 3635 1140 3681; x_wconf 88' lang='lat' dir='ltr'><strong>b.</strong></span> <span class='ocrx_word' id='word_1_441' title='bbox 1150 3635 1168 3682; x_wconf 92' lang='lat' dir='ltr'><strong>l.</strong></span> <span class='ocrx_word' id='word_1_442' title='bbox 1179 3637 1228 3685; x_wconf 82' lang='lat' dir='ltr'><strong>etei</strong></span> <span class='ocrx_word' id='word_1_443' title='bbox 1243 3650 1286 3685; x_wconf 60' lang='lat' dir='ltr'><strong>re:</strong></span> 
     </span>
     <span class='ocr_line' id='line_1_44' title="bbox 183 3688 1287 3762; baseline 0.013 -27"><span class='ocrx_word' id='word_1_444' title='bbox 183 3688 257 3735; x_wconf 79' lang='lat' dir='ltr'><strong>fertur</strong></span> <span class='ocrx_word' id='word_1_445' title='bbox 274 3690 304 3737; x_wconf 88' lang='lat' dir='ltr'><strong>ad</strong></span> <span class='ocrx_word' id='word_1_446' title='bbox 323 3691 482 3752; x_wconf 74' lang='lat' dir='ltr'><strong>praecientia</strong></span> <span class='ocrx_word' id='word_1_447' title='bbox 497 3694 648 3756; x_wconf 79' lang='lat' dir='ltr'><strong>pertinetque</strong></span> <span class='ocrx_word' id='word_1_448' title='bbox 670 3696 739 3744; x_wconf 89' lang='lat' dir='ltr'><strong>locus</strong></span> <span class='ocrx_word' id='word_1_449' title='bbox 758 3694 788 3743; x_wconf 88' lang='lat' dir='ltr'><strong>ad</strong></span> <span class='ocrx_word' id='word_1_450' title='bbox 808 3697 886 3762; x_wconf 78' lang='grc'><strong>61.)</strong></span> <span class='ocrx_word' id='word_1_451' title='bbox 931 3699 972 3746; x_wconf 84' lang='lat' dir='ltr'><strong>Id.</strong></span> <span class='ocrx_word' id='word_1_452' title='bbox 990 3699 1050 3748; x_wconf 83' lang='lat' dir='ltr'><strong>ibid.</strong></span> <span class='ocrx_word' id='word_1_453' title='bbox 1066 3697 1123 3746; x_wconf 44' lang='lat' dir='ltr'><strong>*Etsi</strong></span> <span class='ocrx_word' id='word_1_454' title='bbox 1138 3712 1190 3746; x_wconf 85' lang='lat' dir='ltr'><strong>uon</strong></span> <span class='ocrx_word' id='word_1_455' title='bbox 1210 3701 1287 3751; x_wconf 81' lang='lat' dir='ltr'><strong>facile</strong></span> 
     </span>
     <span class='ocr_line' id='line_1_45' title="bbox 182 3751 946 3824; baseline 0.012 -25"><span class='ocrx_word' id='word_1_456' title='bbox 182 3751 333 3814; x_wconf 84' lang='lat' dir='ltr'><strong>adjudicatur</strong></span> <span class='ocrx_word' id='word_1_457' title='bbox 348 3768 414 3804; x_wconf 89' lang='lat' dir='ltr'><strong>amor</strong></span> <span class='ocrx_word' id='word_1_458' title='bbox 425 3758 575 3806; x_wconf 84' lang='lat' dir='ltr'><strong>verus-Sed</strong></span> <span class='ocrx_word' id='word_1_459' title='bbox 594 3774 640 3821; x_wconf 85' lang='lat' dir='ltr'><strong>ego</strong></span> <span class='ocrx_word' id='word_1_460' title='bbox 659 3774 708 3808; x_wconf 89' lang='grc'><strong>666</strong></span> <span class='ocrx_word' id='word_1_461' title='bbox 728 3767 781 3808; x_wconf 90' lang='lat' dir='ltr'><strong>utor</strong></span> <span class='ocrx_word' id='word_1_462' title='bbox 799 3768 946 3824; x_wconf 82' lang='lat' dir='ltr'><strong>argumento.</strong></span> 
     </span>
    </p>

    <p class='ocr_par' dir='ltr' id='par_1_21' title="bbox 218 3818 1287 3896">
     <span class='ocr_line' id='line_1_46' title="bbox 218 3818 1287 3896; baseline 0.011 -30"><span class='ocrx_word' id='word_1_463' title='bbox 218 3819 270 3866; x_wconf 82' lang='lat' dir='ltr'><strong>Cic.</strong></span> <span class='ocrx_word' id='word_1_464' title='bbox 282 3818 299 3865; x_wconf 94' lang='lat' dir='ltr'><strong>l.</strong></span> <span class='ocrx_word' id='word_1_465' title='bbox 311 3819 432 3868; x_wconf 67' lang='grc'><strong>11166.</strong></span> <span class='ocrx_word' id='word_1_466' title='bbox 444 3835 481 3883; x_wconf 80' lang='lat' dir='ltr'><strong>op.</strong></span> <span class='ocrx_word' id='word_1_467' title='bbox 495 3825 534 3869; x_wconf 83' lang='grc'><strong>17.</strong></span> <span class='ocrx_word' id='word_1_468' title='bbox 568 3823 670 3871; x_wconf 82' lang='lat' dir='ltr'><strong>Etsime</strong></span> <span class='ocrx_word' id='word_1_469' title='bbox 681 3823 778 3886; x_wconf 85' lang='lat' dir='ltr'><strong>quidem</strong></span> <span class='ocrx_word' id='word_1_470' title='bbox 788 3825 907 3875; x_wconf 82' lang='lat' dir='ltr'><strong>tabellarii</strong></span> <span class='ocrx_word' id='word_1_471' title='bbox 916 3842 965 3874; x_wconf 89' lang='grc'><strong>666</strong></span> <span class='ocrx_word' id='word_1_472' title='bbox 982 3826 1116 3884; x_wconf 80' lang='lat' dir='ltr'><strong>offendunt,</strong></span> <span class='ocrx_word' id='word_1_473' title='bbox 1130 3827 1175 3876; x_wconf 89' lang='lat' dir='ltr'><strong>sed</strong></span> <span class='ocrx_word' id='word_1_474' title='bbox 1189 3835 1287 3896; x_wconf 73' lang='grc'><strong>166666,</strong></span> 
     </span>
    </p>
   </div>
   <div class='ocr_carea' id='block_1_19' title="bbox 184 3880 951 3952">
    <p class='ocr_par' dir='ltr' id='par_1_22' title="bbox 184 3880 951 3952">
     <span class='ocr_line' id='line_1_47' title="bbox 184 3880 951 3952; baseline 0.012 -24"><span class='ocrx_word' id='word_1_475' title='bbox 184 3895 239 3929; x_wconf 78' lang='lat' dir='ltr'><strong>oum</strong></span> <span class='ocrx_word' id='word_1_476' title='bbox 248 3897 263 3929; x_wconf 85' lang='lat' dir='ltr'><strong>a</strong></span> <span class='ocrx_word' id='word_1_477' title='bbox 272 3897 311 3930; x_wconf 88' lang='lat' dir='ltr'><strong>mc</strong></span> <span class='ocrx_word' id='word_1_478' title='bbox 322 3880 457 3940; x_wconf 77' lang='lat' dir='ltr'><strong>discedunt,</strong></span> <span class='ocrx_word' id='word_1_479' title='bbox 468 3884 578 3946; x_wconf 82' lang='lat' dir='ltr'><strong>flagitant</strong></span> <span class='ocrx_word' id='word_1_480' title='bbox 588 3886 679 3934; x_wconf 87' lang='lat' dir='ltr'><strong>literas.</strong></span> <span class='ocrx_word' id='word_1_481' title='bbox 712 3888 727 3919; x_wconf 70' lang='lat'><strong><em>&#39;</em></strong></span> <span class='ocrx_word' id='word_1_482' title='bbox 739 3890 777 3937; x_wconf 84' lang='lat' dir='ltr'><strong>Id.</strong></span> <span class='ocrx_word' id='word_1_483' title='bbox 790 3888 870 3952; x_wconf 81' lang='lat' dir='ltr'><strong>Topic.</strong></span> <span class='ocrx_word' id='word_1_484' title='bbox 880 3894 951 3939; x_wconf 78' lang='lat' dir='ltr'><strong>clii.</strong></span> 
     </span>
    </p>
   </div>
   <div class='ocr_carea' id='block_1_20' title="bbox 183 3945 1288 4078">
    <p class='ocr_par' dir='ltr' id='par_1_23' title="bbox 183 3945 1288 4078">
     <span class='ocr_line' id='line_1_48' title="bbox 211 3945 1288 4025; baseline 0.014 -34"><span class='ocrx_word' id='word_1_485' title='bbox 211 3945 465 4021; x_wconf 66' lang='grc'><strong>6161161116.</strong></span> <span class='ocrx_word' id='word_1_486' title='bbox 483 3953 525 3998; x_wconf 89' lang='grc'><strong>41.</strong></span> <span class='ocrx_word' id='word_1_487' title='bbox 542 3949 633 3996; x_wconf 76' lang='lat' dir='ltr'><strong>Suanos</strong></span> <span class='ocrx_word' id='word_1_488' title='bbox 650 3951 804 4008; x_wconf 74' lang='grc'><strong>1666111666,</strong></span> <span class='ocrx_word' id='word_1_489' title='bbox 820 3954 867 4001; x_wconf 87' lang='lat' dir='ltr'><strong>etsi</strong></span> <span class='ocrx_word' id='word_1_490' title='bbox 878 3955 964 4004; x_wconf 83' lang='lat' dir='ltr'><strong>acerba</strong></span> <span class='ocrx_word' id='word_1_491' title='bbox 972 3969 1070 4020; x_wconf 83' lang='lat' dir='ltr'><strong>pompa,</strong></span> <span class='ocrx_word' id='word_1_492' title='bbox 1089 3970 1173 4005; x_wconf 81' lang='lat' dir='ltr'><strong>vetum</strong></span> <span class='ocrx_word' id='word_1_493' title='bbox 1190 3963 1288 4025; x_wconf 74' lang='grc'><strong>161666,</strong></span> 
     </span>
     <span class='ocr_line' id='line_1_49' title="bbox 183 4013 1270 4078; baseline 0.022 -26"><span class='ocrx_word' id='word_1_494' title='bbox 183 4021 244 4054; x_wconf 80' lang='lat' dir='ltr'><strong>scire</strong></span> <span class='ocrx_word' id='word_1_495' title='bbox 262 4023 341 4058; x_wconf 85' lang='lat' dir='ltr'><strong>omnm</strong></span> <span class='ocrx_word' id='word_1_496' title='bbox 350 4026 399 4059; x_wconf 92' lang='grc'><strong>666</strong></span> <span class='ocrx_word' id='word_1_497' title='bbox 410 4013 523 4078; x_wconf 83' lang='lat' dir='ltr'><strong>acerbum</strong></span> <span class='ocrx_word' id='word_1_498' title='bbox 541 4020 585 4062; x_wconf 84' lang='lat' dir='ltr'><strong>est.</strong></span> <span class='ocrx_word' id='word_1_499' title='bbox 603 4016 618 4043; x_wconf 68' lang='lat'>⁸</span> <span class='ocrx_word' id='word_1_500' title='bbox 630 4015 726 4064; x_wconf 78' lang='lat' dir='ltr'><strong>Terent.</strong></span> <span class='ocrx_word' id='word_1_501' title='bbox 738 4018 837 4066; x_wconf 74' lang='lat' dir='ltr'><strong>Phorci.</strong></span> <span class='ocrx_word' id='word_1_502' title='bbox 849 4022 873 4066; x_wconf 90' lang='grc'><strong>1.</strong></span> <span class='ocrx_word' id='word_1_503' title='bbox 885 4023 910 4068; x_wconf 75' lang='grc'><strong>8.</strong></span> <span class='ocrx_word' id='word_1_504' title='bbox 1265 4029 1270 4037; x_wconf 89' lang='grc'>’</span> 
     </span>
    </p>
   </div>
   <div class='ocr_carea' id='block_1_21' title="bbox 189 4142 1281 4170">
    <p class='ocr_par' dir='ltr' id='par_1_24' title="bbox 189 4142 1281 4170">
     <span class='ocr_line' id='line_1_50' title="bbox 189 4142 1281 4170; baseline 0.001 -16"><span class='ocrx_word' id='word_1_505' title='bbox 189 4142 1281 4170; x_wconf 52' lang='lat' dir='ltr'><strong>mmm</strong></span> 
     </span>
    </p>
   </div>
   <div class='ocr_carea' id='block_1_22' title="bbox 221 4204 1235 4288">
    <p class='ocr_par' dir='ltr' id='par_1_25' title="bbox 221 4204 1235 4288">
     <span class='ocr_line' id='line_1_51' title="bbox 221 4204 1235 4288; baseline 0.015 -15"><span class='ocrx_word' id='word_1_506' title='bbox 221 4224 246 4261; x_wconf 72' lang='lat'><strong>¹⁴</strong></span> <span class='ocrx_word' id='word_1_507' title='bbox 254 4224 306 4276; x_wconf 87' lang='lat' dir='ltr'><strong>Hic</strong></span> <span class='ocrx_word' id='word_1_508' title='bbox 320 4226 392 4278; x_wconf 85' lang='lat' dir='ltr'><strong>locus</strong></span> <span class='ocrx_word' id='word_1_509' title='bbox 406 4228 433 4281; x_wconf 87' lang='lat' dir='ltr'><strong>in</strong></span> <span class='ocrx_word' id='word_1_510' title='bbox 447 4233 530 4281; x_wconf 84' lang='lat' dir='ltr'><strong>multis</strong></span> <span class='ocrx_word' id='word_1_511' title='bbox 542 4231 598 4283; x_wconf 85' lang='lat' dir='ltr'><strong>edd.</strong></span> <span class='ocrx_word' id='word_1_512' title='bbox 610 4231 732 4283; x_wconf 77' lang='lat' dir='ltr'><strong>obscurior</strong></span> <span class='ocrx_word' id='word_1_513' title='bbox 742 4241 789 4283; x_wconf 84' lang='lat' dir='ltr'><strong>est.</strong></span> <span class='ocrx_word' id='word_1_514' title='bbox 818 4214 1022 4285; x_wconf 59' lang='grc'><strong>1666666666-</strong></span> <span class='ocrx_word' id='word_1_515' title='bbox 1028 4251 1126 4288; x_wconf 82' lang='lat' dir='ltr'><strong>manum</strong></span> <span class='ocrx_word' id='word_1_516' title='bbox 1137 4204 1235 4288; x_wconf 71' lang='lat' dir='ltr'><strong>Critim&#39;.</strong></span> 
     </span>
    </p>
   </div>
   <div class='ocr_carea' id='block_1_23' title="bbox 0 0 1345 4636">
    <p class='ocr_par' dir='ltr' id='par_1_26' title="bbox 0 0 1345 4636">
     <span class='ocr_line' id='line_1_52' title="bbox 0 0 1345 4636; baseline 0 0"><span class='ocrx_word' id='word_1_517' title='bbox 0 0 1345 4636; x_wconf 95' lang='lat' dir='ltr'><strong> </strong></span> 
     </span>
    </p>
   </div>
  </div>
 </body>
</html>
