2670 4636
76 257 265 333 ...11111
421 222 484 316 on
509 253 830 317 perricensis.
1117 251 1201 320 aas·

441 404 456 434 ⁶
469 408 510 454 1⁰.
527 406 581 455 Par
593 411 649 469 post
658 401 825 467 superlativas.

111 483 180 534 Ptin.
186 484 207 533 1.
216 487 241 535 3.
252 499 288 545 ep.
297 488 322 534 9.
350 483 458 533 Euritius
472 485 500 533 in
510 485 589 534 causis
605 467 705 548 agendis
722 483 866 533 exercitatus
877 491 923 540 est,
940 498 1000 548 quas
1017 477 1109 533 sumina
1125 484 1183 543 fide,
1205 450 1208 456 -

74 551 132 613 pori
141 549 283 607 constantia,
294 565 340 598 nec
350 549 493 600 verecundia
502 551 593 598 minore
604 549 721 598 defendit.
1057 549 1062 561 “

430 650 470 695 11.
483 647 534 695 Par
544 652 588 709 eat,
602 662 644 710 pro
655 660 748 709 aquarn
757 651 802 694 est.

113 725 166 774 cic.
180 727 210 776 de
221 725 332 776 Arriae.
344 730 385 777 33.
401 726 448 774 Par
461 737 507 780 est,
518 726 620 789 primum
637 727 718 789 ipsum
734 740 788 773 esse
804 724 882 772 virum
899 725 998 782 bonum,
1015 733 1064 772 turn
1082 725 1182 773 alterum

77 787 184 838 similem
201 791 237 838 sui
248 806 362 853 querere.
394 792 514 854 Idempro
529 791 625 839 Mane.
639 796 663 840 7.
680 790 726 838 His
744 790 816 837 rebus
830 791 918 838 fretum
933 791 965 838 ad
983 789 1120 838 consulatus
1139 805 1184 853 pe·

76 853 190 902 titianae
199 855 296 918 aggredi
306 871 349 919 par
359 864 406 903 est.
443 857 480 904 tr.
491 857 508 903 Ι.
519 858 544 903 9.
553 853 608 904 Atr.
619 871 654 917 ep.
666 858 705 904 11.
722 855 786 901 Mihi
796 853 923 911 dubitanti,
935 853 991 916 quid
1001 871 1040 902 me
1050 855 1129 902 iacere
1140 869 1184 916 par

77 918 121 974 sit,
136 935 288 982 permagnum
301 920 395 983 pondus
406 920 476 968 affert
485 920 652 968 benevolentia
661 936 717 983 erga
725 920 803 967 illum.
823 920 861 968 Id.
869 935 912 983 pro
925 921 1010 970 aare.
1023 921 1097 969 Perd.
1107 935 1129 968 c.
1143 922 1183 967 11.

78 981 108 1030 si
125 982 221 1041 Scarae,
240 999 310 1032 serra
328 985 446 1041 Critonia
459 985 501 1048 qui
518 984 606 1033 occidit
623 984 786 1042 Saturninum,
803 983 901 1033 libertas
910 983 966 1033 data
974 993 1019 1041 est,
1031 984 1096 1047 quod
1107 983 1184 1048 equiti

77 1044 190 1098 Romano
199 1048 323 1113 premium
333 1049 384 1098 dati
393 1064 436 1112 par
445 1050 531 1098 inisset
539 1050 549 1096 t

493 1209 606 1260 CAPUT
633 1211 773 1262 CLXVIII.

430 1317 479 1377 De
494 1316 644 1377 Adoeriio
668 1292 836 1378 Pnarraa.

114 1430 139 1476 1.
154 1426 276 1476 Piarrrn
294 1444 309 1476 a
324 1428 380 1491 pari
395 1429 503 1486 ducam,
515 1436 553 1477 est
562 1444 635 1492 aque.
662 1430 857 1480 Terent-Henat-
869 1435 927 1480 1.1.
945 1431 1034 1479 Filium
1044 1431 1132 1494 pariter
1148 1430 1184 1479 uti

80 1489 376 1608 ppsbpgcppqsapthtiam
394 1494 515 1558 amptius:
539 1493 628 1541 *Add.
644 1495 1184 1560 θέα-1111111111.311116311111111.
1231 1569 1235 1579 Ι

449 1645 474 1690 3.
488 1641 586 1691 Pariter
596 1656 633 1704 aa,
641 1645 673 1696 et,
685 1645 764 1704 otqae,
776 1647 811 1690 ot.

115 1719 217 1769 Pariter
225 1735 262 1780 nc,
273 1724 305 1777 et,
316 1725 394 1784 atque,
406 1727 433 1770 at
444 1721 531 1769 usitata
546 1730 602 1768 sunt
619 1737 661 1784 pro
671 1736 736 1785 aeqae
752 1737 788 1770 ac.
800 1723 895 1771 Terent.
906 1723 1004 1772 Pirria.
1015 1728 1039 1772 5.
1052 1727 1076 1772 3.
1092 1723 1185 1772 Pariter

80 1798 147 1832 nunc
157 1799 228 1848 opera
240 1799 277 1831 nie
287 1785 396 1848 adjuves,
407 1802 435 1834 ec
447 1785 538 1834 dudum
548 1801 575 1833 re
594 1786 712 1849 opitulata
726 1801 761 1833 es.
795 1787 849 1836 Iria.
861 1787 877 1833 1.
888 1791 912 1835 3.
923 1803 946 1834 c.
954 1791 994 1836 33.
1010 1788 1052 1838 Vir
1063 1788 1186 1837 omnivita

80 1848 170 1912 pariter
178 1850 286 1912 patribus
296 1865 324 1898 ac
337 1851 401 1913 plebi
411 1866 488 1898 carus.
520 1850 638 1915 Exempla
649 1851 792 1898 suntobvia.¹
825 1852 919 1901 Terent.
927 1852 1028 1915 Adelph.
1036 1858 1059 1900 5.
1069 1856 1093 1900 8.
1110 1853 1184 1902 Nunc

81 1920 110 1962 tu
120 1913 216 1961 mihies
234 1930 359 1978 germanus
373 1915 463 1979 pariter
481 1930 579 1979 corpore
597 1925 623 1964 et
639 1916 727 1964 animo.
760 1916 775 1946 *
782 1913 848 1965 Add.
858 1918 949 1964 Gelam.
959 1918 976 1964 1.
989 1921 1012 1966 3.
1023 1933 1045 1965 c.
1053 1920 1077 1965 3.
1087 1925 1147 1966 extr.
1158 1926 1184 1967 et

82 1978 134 2028 Li.
145 1995 168 2027 c.
177 1982 203 2026 6.
225 1980 430 2029 crisparent.
442 1985 467 2029 3.
484 1978 509 2027 Is
520 1980 584 2028 domi
595 1989 642 2028 tuae
652 1978 720 2028 videt
727 1981 816 2044 pariter
824 1989 989 2030 accusatorum
995 1990 1066 2044 etque
1072 1982 1184 2046 judicum

83 2043 232 2092 oomociatos
247 2060 338 2108 greges.
373 2045 456 2093 Pane.
466 2046 583 2094 Menaech-
601 2044 690 2092 Pariter
705 2047 752 2093 hoc
771 2053 841 2108 atque
856 2046 915 2093 alias
929 2062 967 2094 res
979 2047 1047 2094 solet.
1081 2047 1183 2096 Sallust.

82 2109 145 2170 Jog.
156 2125 179 2156 c.
192 2112 248 2158 113.
265 2109 349 2164 Vultu,
360 2109 439 2157 colore
450 2125 478 2156 aa
495 2118 561 2157 motu
572 2109 678 2173 corporis
689 2111 778 2172 pariter
789 2118 860 2173 atque
876 2112 956 2159 auimo
972 2112 1061 2159 varius.
1093 2110 1184 2162 'Add.

83 2173 140 2222 Lis.
152 2174 168 2221 1.
179 2177 204 2221 6.
216 2189 237 2222 c.
249 2176 289 2221 1⁰.
309 2175 394 2249 Plaut-
408 2175 546 2226 1111111.
568 2173 594 2222 Is
612 2174 710 2238 reliquit
727 2175 804 2222 filium
823 2176 911 2241 pariter
928 2184 1054 2258 morqtum,
1072 2184 1100 2224 ut
1116 2183 1185 2240 petor
1285 2219 1292 2226 .

82 2252 191 2301 avusque
208 2238 293 2287 horum
304 2237 359 2286 furt.

390 2338 405 2368 ¹
417 2342 440 2389 3.
459 2339 678 2403 Pariter-qaam,·
693 2339 870 2404 pariter-qne.

117 2417 207 2468 Martii.
217 2417 233 2467 l.
241 2422 267 2466 5.
278 2434 302 2466 v.
309 2422 366 2468 393.
384 2419 497 2476 Quaestus
510 2421 632 2484 naufragio
648 2421 745 2484 petitur,
762 2437 895 2484 corpusque
914 2419 1031 2484 profundo
1049 2419 1186 2468 immissum

83 2483 175 2546 pariter
187 2498 257 2547 quam
271 2484 350 2547 praeda
360 2485 492 2548 exquiritur
507 2485 570 2549 ipsa.
601 2487 658 2534 Lio.
669 2487 686 2532 l.
697 2491 720 2534 3.
732 2502 754 2532 c.
765 2491 805 2534 64.
829 2485 944 2547 Duiffius,
959 2487 1024 2534 victa
1040 2486 1185 2547 collegarum

83 2545 227 2624 cupiditate,
238 2549 326 2613 pariter
344 2549 453 2624 patribus
469 2550 580 2625 plebique
599 2561 720 2625 acceptus,
740 2550 878 2611 magistratu
895 2551 962 2625 apiit.
997 2552 1035 2600 ld.
1045 2551 1062 2598 l.
1075 2555 1098 2623 5.
1109 2565 1132 2596 c.
1143 2553 1185 2624 39ζ

83 2610 1185 2742 33531331333333.1313333331331333333313ἶῖ

88 2741 256 2792 tertiata.
266 2759 288 2791 c.
298 2743 395 2806 dl·§3.
408 2745 486 2793 Tacit.
496 2745 549 2792 1.4.
561 2745 631 2793 Hist.
642 2760 663 2794 c.
676 2745 774 2806 56.§1.

468 2841 483 2869 '¹
494 2845 519 2890 4.
537 2841 797 2903 Pariter-qoe-qrie.

121 2921 193 2970 ovid.
204 2921 222 2967 1.
233 2923 273 2970 13.
290 2922 391 2970 Metam.
408 2938 431 2967 v.
442 2925 498 2970 597.
519 2919 623 2976 Annuit,
643 2927 714 2983 atque
737 2920 817 2968 auimo
839 2921 927 2983 pariter
947 2920 1073 2987 patrioque
1094 2936 1185 2984 suoque

84 2983 176 3035 Delius
185 2985 321 3050 indulgens,
331 2985 419 3034 nebule
428 2986 520 3033 velatus
528 2985 653 3047 iu'agmeu
664 2986 778 3061 Pervenit
787 2983 897 3051 Iliacum.

383 3082 398 3112 '¹
410 3088 434 3132 5.
452 3082 551 3132 Pariter
560 3084 642 3132 et'-et
648 3099 658 3140 ,·
672 3083 765 3144 pariter
774 3088 883 3146 et—qae.

118 3163 176 3212 Iria.
186 3163 204 3210 l.
214 3167 256 3213 31.
267 3181 289 3214 c.
300 3168 341 3212 35.
358 3163 434 3212 Voles
451 3163 575 3211 Romanus
593 3163 682 3226 pariter
699 3169 725 3210 et
741 3162 772 3209 ad
787 3179 813 3210 se
824 3164 947 3220 tuendum,
958 3171 983 3211 et
994 3165 1024 3212 ad
1035 3166 1185 3230 hostempe-

83 3228 185 3276 senam
199 3239 313 3277 armatus.
346 3230 413 3278 Ptin.
423 3229 441 3276 l.
454 3232 476 3277 1.
487 3245 523 3292 ep.
535 3232 558 3276 8.
575 3228 700 3276 Addidisti
718 3229 819 3276 calcaria
829 3237 916 3290 sponte
927 3231 1038 3284 currenti,
1051 3233 1185 3295 pariterque

84 3299 113 3341 et
128 3293 172 3341 tibi
182 3293 277 3340 veniam
293 3295 418 3342 recusandi
433 3294 520 3342 laboris
535 3301 561 3341 et
572 3294 633 3341 mihi
644 3293 758 3356 exigendi
771 3295 937 3342 verecundiam
955 3297 1079 3344 sustulisti.
1113 3299 1187 3346 Ocid.

85 3357 105 3405 i.
116 3361 156 3406 11.
165 3358 266 3408 Metam.
277 3375 302 3404 v.
312 3363 369 3408 556.
384 3359 518 3421 pariterque
531 3366 555 3406 et
565 3359 670 3421 pondere
681 3367 706 3405 et
715 3359 766 3406 ictu
777 3360 868 3422 Mergit
886 3361 910 3406 in
925 3361 973 3407 ima
984 3369 1068 3410 ratem.
1100 3362 1185 3414 Artis.

85 3439 111 3471 c.
120 3426 162 3472 33.
173 3423 254 3472 Liar.
265 3418 319 3470 31.
331 3428 372 3472 33.
397 3423 485 3470 Fabius
496 3425 590 3484 siguum
608 3425 731 3470 observare
745 3424 825 3485 jussit,
838 3432 864 3472 ut
875 3425 963 3490 pariter
971 3433 996 3472 et
1013 3427 1071 3474 socii
1084 3442 1134 3473 reni
1148 3427 1185 3474 iu-

84 3486 201 3552 ciperent,
210 3489 374 3550 referrentque
386 3488 480 3551 pedem,
492 3489 510 3533 si
523 3487 628 3552 receptui
639 3488 774 3538 cecinisset.

400 3590 425 3634 6.
442 3585 540 3633 Pariter
550 3601 578 3634 ac
588 3586 624 3643 si;
638 3586 834 3649 pariter-atque
842 3586 877 3634 in.

119 3666 222 3717 salat.
233 3642 351 3728 rugant.
362 3682 384 3714 c.
394 3670 435 3715 46.
451 3664 544 3712 Pariter
555 3681 583 3712 ac
595 3666 706 3714 sitientes
722 3666 841 3723 adessent,
853 3667 945 3714 monito
960 3667 1055 3732 agmine
1066 3667 1186 3720 incedere.

87 3731 172 3785 Pinna
188 3731 310 3796 Amphitr.
326 3736 351 3780 4.
365 3736 387 3781 l.
404 3729 497 3777 Pariter
511 3731 556 3778 hoc
567 3730 601 3786 fit,
613 3738 685 3794 atque
695 3738 723 3777 ut
734 3731 781 3778 alia
790 3731 854 3778 sacta
863 3738 929 3780 suut.

524 3833 562 3877 .7.
579 3829 681 3878 Pariter
689 3844 749 3878 cnm.
762 3886 764 3890 Α

121 3908 222 3960 Pariter
231 3909 352 3959 interdum
363 3916 490 3973 usurpatur
499 3925 541 3974 pro
556 3911 634 3966 simol,
654 3917 679 3957 et
695 3909 794 3956 assumit
810 3925 870 3959 cara.
906 3910 957 3958 Cic.
969 3909 986 3957 l.
999 3916 1022 3958 5.
1037 3911 1190 3964 1115511.

87 3973 192 4022 Animus
202 3982 228 4023 et
236 3982 380 4039 presentem
391 3976 538 4038 voluptatem
547 3975 650 4038 percipit
658 3975 746 4038 pariter
756 3991 809 4023 cum
819 3989 924 4037 corpore,
932 3981 956 4021 et
966 3976 1083 4039 prospicit
1092 3980 1190 4028 venien·
1218 3991 1235 4006 ¹

86 4045 148 4086 tem.
164 4040 203 4089 tire
219 4042 323 4090 mulnet
339 4041 393 4102 only
410 4040 527 4102 perceioes
544 4041 583 4089 tte
598 4045 692 4102 present
710 4055 738 4088 as
749 4041 845 4088 ,taeitos
856 4040 973 4104 tietody‚
989 4040 1030 4089 iat
1040 4043 1147 4105 forestes
1158 4046 1190 4103 it,

87 4103 200 4154 atterat
214 4105 238 4153 is
252 4106 354 4166 coming.
370 4105 470 4154 Sailrot.
480 4106 598 4166 Jngnrtn.
609 4121 631 4153 c.
643 4109 667 4152 9.
694 4104 757 4151 Eum
771 4103 902 4165 adoptarit,
919 4115 944 4152 et
960 4104 1049 4168 pariter
1064 4124 1118 4155 curn
1135 4110 1191 4158 filiis

81 4167 203 4216 heredem
219 4169 331 4217 instituit.
346 4169 374 4216 ite
384 4170 510 4233 appointed
521 4170 569 4219 inira
580 4170 617 4218 trit
625 4169 676 4218 ireir
686 4171 758 4228 along
768 4169 826 4218 wira
842 4169 880 4217 iris
893 4185 956 4218 sens.
985 4171 1037 4218 Cir.
1050 4170 1065 4217 l.
1076 4177 1101 4225 1.
1119 4175 1194 4223 Taso.

58 4267 60 4271 -
88 4249 112 4281 c.
124 4235 164 4281 11.
180 4234 274 4281 Pariter
293 4248 347 4281 cum
362 4234 412 4282 vita
429 4250 513 4283 sensus
531 4234 655 4283 amittitur.
681 4235 721 4284 Id.
732 4234 784 4285 13.
803 4235 832 4284 de
849 4235 915 4284 Nat.
925 4237 962 4286 11.
971 4239 1051 4286 att.
1068 4237 1172 4283 Qstne'is
1183 4244 1216 4281 et.

84 4297 220 4359 conchyliis
239 4298 350 4347 omnibus
369 4301 497 4366 contingit,
519 4310 547 4352 ut
564 4317 621 4352 curn
640 4301 703 4352 tana
723 4309 843 4353 crescant
859 4303 963 4369 pariter,
978 4301 1126 4364 pariterque
1140 4298 1230 4343 deere-

126 4432 129 4437 .
147 4375 218 4422 Ture.
431 4394 433 4398 ⁸
999 4421 1001 4425 .
1058 4376 1111 4428 311.
