<?xml version="1.0" encoding="UTF-8"?>
<!DOCTYPE html PUBLIC "-//W3C//DTD XHTML 1.0 Transitional//EN"
    "http://www.w3.org/TR/xhtml1/DTD/xhtml1-transitional.dtd">
<html xmlns="http://www.w3.org/1999/xhtml" xml:lang="en" lang="en">
 <head>
  <title>
</title>
<meta http-equiv="Content-Type" content="text/html;charset=utf-8" />
  <meta name='ocr-system' content='tesseract 3.04.00' />
  <meta name='ocr-capabilities' content='ocr_page ocr_carea ocr_par ocr_line ocrx_word'/>
</head>
<body>
  <div class='ocr_page' id='page_1' title='image "./horatiiturselli00schwgoog/horatiiturselli00schwgoog_0082.png"; bbox 0 0 2670 4636; ppageno 0'>
   <div class='ocr_carea' id='block_1_1' title="bbox 94 221 1199 304">
    <p class='ocr_par' dir='ltr' id='par_1_1' title="bbox 94 221 1199 304">
     <span class='ocr_line' id='line_1_1' title="bbox 94 221 1199 304; baseline -0.005 -18"><span class='ocrx_word' id='word_1_1' title='bbox 94 227 219 304; x_wconf 75' lang='lat' dir='ltr'><strong>anser]</strong></span> <span class='ocrx_word' id='word_1_2' title='bbox 444 222 500 282; x_wconf 86' lang='lat' dir='ltr'><strong>DE</strong></span> <span class='ocrx_word' id='word_1_3' title='bbox 532 221 773 284; x_wconf 78' lang='lat' dir='ltr'><strong>PARTICULIS</strong></span> <span class='ocrx_word' id='word_1_4' title='bbox 795 232 851 283; x_wconf 87' lang='lat' dir='ltr'><strong>ete.</strong></span> <span class='ocrx_word' id='word_1_5' title='bbox 995 228 1000 238; x_wconf 85' lang='lat'>&#39;</span> <span class='ocrx_word' id='word_1_6' title='bbox 1155 222 1199 283; x_wconf 75' lang='lat' dir='ltr'><strong>tt</strong></span> 
     </span>
    </p>
   </div>
   <div class='ocr_carea' id='block_1_2' title="bbox 444 386 850 450">
    <p class='ocr_par' dir='ltr' id='par_1_2' title="bbox 444 386 850 450">
     <span class='ocr_line' id='line_1_2' title="bbox 444 386 850 450; baseline -0.007 -12"><span class='ocrx_word' id='word_1_7' title='bbox 444 387 459 417; x_wconf 70' lang='lat'>⁵</span> <span class='ocrx_word' id='word_1_8' title='bbox 470 391 494 437; x_wconf 92' lang='grc'><strong>4.</strong></span> <span class='ocrx_word' id='word_1_9' title='bbox 507 390 594 438; x_wconf 73' lang='lat' dir='ltr'><strong>Autem</strong></span> <span class='ocrx_word' id='word_1_10' title='bbox 609 387 635 436; x_wconf 90' lang='lat' dir='ltr'><strong>in</strong></span> <span class='ocrx_word' id='word_1_11' title='bbox 645 386 850 450; x_wconf 81' lang='lat' dir='ltr'><strong>responsionibus.</strong></span> 
     </span>
    </p>
   </div>
   <div class='ocr_carea' id='block_1_3' title="bbox 93 463 1195 598">
    <p class='ocr_par' dir='ltr' id='par_1_3' title="bbox 93 463 1195 598">
     <span class='ocr_line' id='line_1_3' title="bbox 131 463 1195 531; baseline -0.005 -14"><span class='ocrx_word' id='word_1_12' title='bbox 131 469 184 518; x_wconf 81' lang='lat' dir='ltr'><strong>Cia.</strong></span> <span class='ocrx_word' id='word_1_13' title='bbox 196 470 213 517; x_wconf 85' lang='grc' dir='ltr'><strong>Ι.</strong></span> <span class='ocrx_word' id='word_1_14' title='bbox 224 474 249 518; x_wconf 90' lang='grc'><strong>4.</strong></span> <span class='ocrx_word' id='word_1_15' title='bbox 262 469 330 518; x_wconf 72' lang='lat' dir='ltr'><strong>Fam.</strong></span> <span class='ocrx_word' id='word_1_16' title='bbox 338 471 419 531; x_wconf 63' lang='lat' dir='ltr'><strong>eall.</strong></span> <span class='ocrx_word' id='word_1_17' title='bbox 430 468 482 530; x_wconf 78' lang='lat' dir='ltr'><strong>Ego</strong></span> <span class='ocrx_word' id='word_1_18' title='bbox 491 475 581 524; x_wconf 81' lang='lat' dir='ltr'><strong>autem,</strong></span> <span class='ocrx_word' id='word_1_19' title='bbox 586 469 607 516; x_wconf 88' lang='lat' dir='ltr'><strong>si</strong></span> <span class='ocrx_word' id='word_1_20' title='bbox 617 468 767 531; x_wconf 70' lang='lat' dir='ltr'><strong>dignitatern</strong></span> <span class='ocrx_word' id='word_1_21' title='bbox 774 468 835 514; x_wconf 89' lang='lat' dir='ltr'><strong>bene</strong></span> <span class='ocrx_word' id='word_1_22' title='bbox 841 466 871 513; x_wconf 91' lang='lat' dir='ltr'><strong>de</strong></span> <span class='ocrx_word' id='word_1_23' title='bbox 880 465 972 528; x_wconf 83' lang='lat' dir='ltr'><strong>republ.</strong></span> <span class='ocrx_word' id='word_1_24' title='bbox 984 464 1079 522; x_wconf 78' lang='lat' dir='ltr'><strong>sentire,</strong></span> <span class='ocrx_word' id='word_1_25' title='bbox 1091 471 1117 513; x_wconf 88' lang='lat' dir='ltr'><strong>et</strong></span> <span class='ocrx_word' id='word_1_26' title='bbox 1125 463 1195 512; x_wconf 80' lang='lat' dir='ltr'><strong>bonit</strong></span> 
     </span>
     <span class='ocr_line' id='line_1_4' title="bbox 93 533 835 598; baseline -0.005 -15"><span class='ocrx_word' id='word_1_27' title='bbox 93 533 154 582; x_wconf 80' lang='lat' dir='ltr'><strong>viris</strong></span> <span class='ocrx_word' id='word_1_28' title='bbox 171 536 272 598; x_wconf 87' lang='lat' dir='ltr'><strong>probare</strong></span> <span class='ocrx_word' id='word_1_29' title='bbox 288 535 351 596; x_wconf 88' lang='lat' dir='ltr'><strong>quod</strong></span> <span class='ocrx_word' id='word_1_30' title='bbox 369 533 473 592; x_wconf 76' lang='lat' dir='ltr'><strong>sentias5</strong></span> <span class='ocrx_word' id='word_1_31' title='bbox 490 533 588 581; x_wconf 86' lang='lat' dir='ltr'><strong>obtineo</strong></span> <span class='ocrx_word' id='word_1_32' title='bbox 599 533 741 597; x_wconf 87' lang='lat' dir='ltr'><strong>dignitatern</strong></span> <span class='ocrx_word' id='word_1_33' title='bbox 752 548 835 580; x_wconf 83' lang='lat' dir='ltr'><strong>meam.</strong></span> 
     </span>
    </p>
   </div>
   <div class='ocr_carea' id='block_1_4' title="bbox 499 629 785 680">
    <p class='ocr_par' dir='ltr' id='par_1_4' title="bbox 499 629 785 680">
     <span class='ocr_line' id='line_1_5' title="bbox 499 629 785 680; baseline -0.007 -1"><span class='ocrx_word' id='word_1_34' title='bbox 499 637 523 679; x_wconf 85' lang='lat'><strong>5.</strong></span> <span class='ocrx_word' id='word_1_35' title='bbox 541 629 631 680; x_wconf 77' lang='lat' dir='ltr'><strong>Aniene</strong></span> <span class='ocrx_word' id='word_1_36' title='bbox 647 630 785 678; x_wconf 79' lang='lat' dir='ltr'><strong>otnissum.¹</strong></span> 
     </span>
    </p>
   </div>
   <div class='ocr_carea' id='block_1_5' title="bbox 47 707 1234 1035">
    <p class='ocr_par' dir='ltr' id='par_1_5' title="bbox 47 707 1234 1035">
     <span class='ocr_line' id='line_1_6' title="bbox 128 707 1194 773; baseline -0.001 -14"><span class='ocrx_word' id='word_1_37' title='bbox 128 709 162 740; x_wconf 67' lang='lat'><strong>⁸*</strong></span> <span class='ocrx_word' id='word_1_38' title='bbox 174 709 263 760; x_wconf 81' lang='lat' dir='ltr'><strong>Autem</strong></span> <span class='ocrx_word' id='word_1_39' title='bbox 273 712 395 773; x_wconf 82' lang='lat' dir='ltr'>eleganter</span> <span class='ocrx_word' id='word_1_40' title='bbox 404 710 523 758; x_wconf 86' lang='lat' dir='ltr'><strong>omittitur</strong></span> <span class='ocrx_word' id='word_1_41' title='bbox 535 719 589 772; x_wconf 89' lang='lat' dir='ltr'><strong>post</strong></span> <span class='ocrx_word' id='word_1_42' title='bbox 598 710 743 773; x_wconf 80' lang='lat' dir='ltr'><strong>negativam.</strong></span> <span class='ocrx_word' id='word_1_43' title='bbox 778 710 830 758; x_wconf 81' lang='lat' dir='ltr'><strong>Cle.</strong></span> <span class='ocrx_word' id='word_1_44' title='bbox 841 711 968 759; x_wconf 76' lang='lat' dir='ltr'><strong>deteneat.</strong></span> <span class='ocrx_word' id='word_1_45' title='bbox 979 725 1002 758; x_wconf 86' lang='lat' dir='ltr'><strong>e.</strong></span> <span class='ocrx_word' id='word_1_46' title='bbox 1015 713 1054 759; x_wconf 84' lang='grc'><strong>13.</strong></span> <span class='ocrx_word' id='word_1_47' title='bbox 1072 707 1132 758; x_wconf 80' lang='lat' dir='ltr'><strong>Hae</strong></span> <span class='ocrx_word' id='word_1_48' title='bbox 1142 723 1194 758; x_wconf 82' lang='lat' dir='ltr'><strong>nto·</strong></span> 
     </span>
     <span class='ocr_line' id='line_1_7' title="bbox 91 773 1193 838; baseline -0.002 -15"><span class='ocrx_word' id='word_1_49' title='bbox 91 789 148 823; x_wconf 86' lang='lat' dir='ltr'><strong>rum</strong></span> <span class='ocrx_word' id='word_1_50' title='bbox 158 777 293 831; x_wconf 80' lang='lat' dir='ltr'><strong>vitiasunt,</strong></span> <span class='ocrx_word' id='word_1_51' title='bbox 307 791 356 823; x_wconf 90' lang='lat' dir='ltr'><strong>non</strong></span> <span class='ocrx_word' id='word_1_52' title='bbox 372 775 510 824; x_wconf 76' lang='lat' dir='ltr'><strong>senectutis.</strong></span> <span class='ocrx_word' id='word_1_53' title='bbox 529 775 592 823; x_wconf 84' lang='lat' dir='ltr'><strong>item</strong></span> <span class='ocrx_word' id='word_1_54' title='bbox 606 791 659 823; x_wconf 78' lang='lat' dir='ltr'><strong>curn</strong></span> <span class='ocrx_word' id='word_1_55' title='bbox 670 773 735 822; x_wconf 87' lang='lat' dir='ltr'><strong>idem</strong></span> <span class='ocrx_word' id='word_1_56' title='bbox 746 774 846 822; x_wconf 87' lang='lat' dir='ltr'><strong>verbum</strong></span> <span class='ocrx_word' id='word_1_57' title='bbox 855 776 980 838; x_wconf 87' lang='lat' dir='ltr'><strong>repetitur,</strong></span> <span class='ocrx_word' id='word_1_58' title='bbox 992 773 1036 822; x_wconf 89' lang='lat' dir='ltr'><strong>sed</strong></span> <span class='ocrx_word' id='word_1_59' title='bbox 1048 781 1128 822; x_wconf 79' lang='lat' dir='ltr'><strong>tamen</strong></span> <span class='ocrx_word' id='word_1_60' title='bbox 1138 788 1193 823; x_wconf 70' lang='lat' dir='ltr'><strong>mm</strong></span> 
     </span>
     <span class='ocr_line' id='line_1_8' title="bbox 47 840 1195 903; baseline -0.002 -15"><span class='ocrx_word' id='word_1_61' title='bbox 47 843 50 847; x_wconf 79' lang='grc'>’</span> <span class='ocrx_word' id='word_1_62' title='bbox 91 840 179 903; x_wconf 87' lang='lat' dir='ltr'><strong>aliqua</strong></span> <span class='ocrx_word' id='word_1_63' title='bbox 188 841 366 888; x_wconf 83' lang='lat' dir='ltr'><strong>contrarietate.</strong></span> <span class='ocrx_word' id='word_1_64' title='bbox 396 841 480 897; x_wconf 84' lang='lat' dir='ltr'><strong>Quint.</strong></span> <span class='ocrx_word' id='word_1_65' title='bbox 492 841 562 889; x_wconf 81' lang='lat' dir='ltr'><strong>Deci.</strong></span> <span class='ocrx_word' id='word_1_66' title='bbox 573 844 613 889; x_wconf 83' lang='lat' dir='ltr'><strong>rt.</strong></span> <span class='ocrx_word' id='word_1_67' title='bbox 631 840 679 887; x_wconf 88' lang='lat' dir='ltr'><strong>Pro</strong></span> <span class='ocrx_word' id='word_1_68' title='bbox 696 846 764 902; x_wconf 87' lang='lat' dir='ltr'><strong>patre</strong></span> <span class='ocrx_word' id='word_1_69' title='bbox 781 840 1049 902; x_wconf 67' lang='lat' dir='ltr'><strong>morinummontem</strong></span> <span class='ocrx_word' id='word_1_70' title='bbox 1066 847 1195 902; x_wconf 85' lang='lat' dir='ltr'><strong>patrenon</strong></span> 
     </span>
     <span class='ocr_line' id='line_1_9' title="bbox 90 903 1194 970; baseline 0.004 -19"><span class='ocrx_word' id='word_1_71' title='bbox 90 919 200 967; x_wconf 75' lang='lat' dir='ltr'><strong>possm.</strong></span> <span class='ocrx_word' id='word_1_72' title='bbox 222 905 308 954; x_wconf 77' lang='lat' dir='ltr'><strong>Linea.</strong></span> <span class='ocrx_word' id='word_1_73' title='bbox 319 905 336 952; x_wconf 97' lang='lat' dir='ltr'><strong>l.</strong></span> <span class='ocrx_word' id='word_1_74' title='bbox 345 910 370 954; x_wconf 91' lang='grc'><strong>6.</strong></span> <span class='ocrx_word' id='word_1_75' title='bbox 381 921 406 967; x_wconf 90' lang='lat' dir='ltr'><strong>p.</strong></span> <span class='ocrx_word' id='word_1_76' title='bbox 414 909 473 954; x_wconf 94' lang='grc'><strong>424.</strong></span> <span class='ocrx_word' id='word_1_77' title='bbox 506 905 579 954; x_wconf 76' lang='lat' dir='ltr'><strong>‹Valla</strong></span> <span class='ocrx_word' id='word_1_78' title='bbox 595 905 612 952; x_wconf 88' lang='lat' dir='ltr'><strong>l.</strong></span> <span class='ocrx_word' id='word_1_79' title='bbox 622 908 647 953; x_wconf 89' lang='grc'><strong>2.</strong></span> <span class='ocrx_word' id='word_1_80' title='bbox 657 906 728 967; x_wconf 81' lang='lat' dir='ltr'><strong>Eleg.</strong></span> <span class='ocrx_word' id='word_1_81' title='bbox 739 919 760 952; x_wconf 89' lang='lat' dir='ltr'><strong>e.</strong></span> <span class='ocrx_word' id='word_1_82' title='bbox 770 908 811 955; x_wconf 91' lang='grc'><strong>24.</strong></span> <span class='ocrx_word' id='word_1_83' title='bbox 833 903 1012 954; x_wconf 79' lang='lat' dir='ltr'><strong>&#39;Consulatum</strong></span> <span class='ocrx_word' id='word_1_84' title='bbox 1027 903 1117 953; x_wconf 85' lang='lat' dir='ltr'>Miloni</span> <span class='ocrx_word' id='word_1_85' title='bbox 1131 903 1194 970; x_wconf 81' lang='lat' dir='ltr'><strong>eripi</strong></span> 
     </span>
     <span class='ocr_line' id='line_1_10' title="bbox 91 969 1234 1035; baseline -0.002 -18"><span class='ocrx_word' id='word_1_86' title='bbox 91 983 143 1018; x_wconf 86' lang='lat' dir='ltr'><strong>non</strong></span> <span class='ocrx_word' id='word_1_87' title='bbox 155 969 320 1035; x_wconf 62' lang='lat' dir='ltr'><strong>ponarium</strong></span> <span class='ocrx_word' id='word_1_88' title='bbox 330 985 409 1034; x_wconf 82' lang='lat' dir='ltr'><strong>posse.</strong></span> <span class='ocrx_word' id='word_1_89' title='bbox 429 971 481 1019; x_wconf 79' lang='lat' dir='ltr'><strong>Cie-</strong></span> <span class='ocrx_word' id='word_1_90' title='bbox 490 984 534 1031; x_wconf 83' lang='lat' dir='ltr'><strong>pm</strong></span> <span class='ocrx_word' id='word_1_91' title='bbox 546 970 633 1019; x_wconf 86' lang='lat' dir='ltr'><strong>Milon.</strong></span> <span class='ocrx_word' id='word_1_92' title='bbox 644 986 665 1017; x_wconf 90' lang='lat' dir='ltr'><strong>c.</strong></span> <span class='ocrx_word' id='word_1_93' title='bbox 677 975 702 1019; x_wconf 96' lang='grc'><strong>9.</strong></span> <span class='ocrx_word' id='word_1_94' title='bbox 713 976 772 1018; x_wconf 84' lang='lat' dir='ltr'><strong>extr.</strong></span> <span class='ocrx_word' id='word_1_95' title='bbox 1231 978 1234 985; x_wconf 60' lang='lat'><em>‘</em></span> 
     </span>
    </p>
   </div>
   <div class='ocr_carea' id='block_1_6' title="bbox 395 1116 896 1276">
    <p class='ocr_par' dir='ltr' id='par_1_6' title="bbox 395 1116 896 1276">
     <span class='ocr_line' id='line_1_11' title="bbox 546 1116 745 1166; baseline -0.015 0"><span class='ocrx_word' id='word_1_96' title='bbox 546 1116 661 1166; x_wconf 81' lang='lat' dir='ltr'>CAPUT</span> <span class='ocrx_word' id='word_1_97' title='bbox 691 1117 745 1164; x_wconf 90' lang='lat' dir='ltr'><strong>XL.</strong></span> 
     </span>
     <span class='ocr_line' id='line_1_12' title="bbox 395 1214 896 1276; baseline 0 0"><span class='ocrx_word' id='word_1_98' title='bbox 395 1217 445 1276; x_wconf 89' lang='lat' dir='ltr'><strong>De</strong></span> <span class='ocrx_word' id='word_1_99' title='bbox 459 1215 608 1276; x_wconf 81' lang='lat' dir='ltr'><strong>Adverbio</strong></span> <span class='ocrx_word' id='word_1_100' title='bbox 623 1217 716 1275; x_wconf 76' lang='lat' dir='ltr'><strong>Brun</strong></span> <span class='ocrx_word' id='word_1_101' title='bbox 729 1223 760 1274; x_wconf 87' lang='lat' dir='ltr'><strong>et</strong></span> <span class='ocrx_word' id='word_1_102' title='bbox 775 1214 896 1276; x_wconf 82' lang='lat' dir='ltr'><strong>Bennn.</strong></span> 
     </span>
    </p>
   </div>
   <div class='ocr_carea' id='block_1_7' title="bbox 85 1317 1192 1976">
    <p class='ocr_par' dir='ltr' id='par_1_7' title="bbox 87 1317 1192 1698">
     <span class='ocr_line' id='line_1_13' title="bbox 122 1317 1190 1392; baseline 0.003 -18"><span class='ocrx_word' id='word_1_103' title='bbox 122 1326 196 1390; x_wconf 78' lang='lat' dir='ltr'><strong>§LL</strong></span> <span class='ocrx_word' id='word_1_104' title='bbox 205 1317 281 1375; x_wconf 74' lang='lat' dir='ltr'><strong>Bene</strong></span> <span class='ocrx_word' id='word_1_105' title='bbox 291 1335 377 1390; x_wconf 87' lang='lat' dir='ltr'><strong>praeter</strong></span> <span class='ocrx_word' id='word_1_106' title='bbox 386 1328 507 1389; x_wconf 81' lang='lat' dir='ltr'><strong>vulgarem</strong></span> <span class='ocrx_word' id='word_1_107' title='bbox 524 1345 593 1376; x_wconf 85' lang='lat' dir='ltr'><strong>nsum</strong></span> <span class='ocrx_word' id='word_1_108' title='bbox 603 1344 666 1392; x_wconf 82' lang='lat' dir='ltr'><strong>saepe</strong></span> <span class='ocrx_word' id='word_1_109' title='bbox 678 1335 759 1392; x_wconf 87' lang='lat' dir='ltr'><strong>auget,</strong></span> <span class='ocrx_word' id='word_1_110' title='bbox 770 1335 796 1375; x_wconf 91' lang='lat' dir='ltr'><strong>et</strong></span> <span class='ocrx_word' id='word_1_111' title='bbox 808 1344 851 1390; x_wconf 87' lang='lat' dir='ltr'><strong>pro</strong></span> <span class='ocrx_word' id='word_1_112' title='bbox 860 1329 928 1377; x_wconf 80' lang='lat' dir='ltr'><strong>uelde</strong></span> <span class='ocrx_word' id='word_1_113' title='bbox 934 1327 1040 1390; x_wconf 89' lang='lat' dir='ltr'><strong>ponitur.</strong></span> <span class='ocrx_word' id='word_1_114' title='bbox 1059 1326 1112 1376; x_wconf 80' lang='lat' dir='ltr'><strong>Cic.</strong></span> <span class='ocrx_word' id='word_1_115' title='bbox 1120 1329 1138 1376; x_wconf 93' lang='lat' dir='ltr'><strong>l.</strong></span> <span class='ocrx_word' id='word_1_116' title='bbox 1150 1331 1190 1381; x_wconf 85' lang='grc'><strong>14.</strong></span> 
     </span>
     <span class='ocr_line' id='line_1_14' title="bbox 89 1392 1191 1456; baseline 0.002 -16"><span class='ocrx_word' id='word_1_117' title='bbox 89 1392 148 1441; x_wconf 77' lang='lat' dir='ltr'><strong>Ate.</strong></span> <span class='ocrx_word' id='word_1_118' title='bbox 159 1407 195 1454; x_wconf 78' lang='lat' dir='ltr'><strong>ep.</strong></span> <span class='ocrx_word' id='word_1_119' title='bbox 206 1395 246 1440; x_wconf 89' lang='grc'><strong>21.</strong></span> <span class='ocrx_word' id='word_1_120' title='bbox 263 1393 297 1440; x_wconf 83' lang='grc'><strong>11</strong></span> <span class='ocrx_word' id='word_1_121' title='bbox 306 1409 361 1440; x_wconf 84' lang='lat' dir='ltr'><strong>eum</strong></span> <span class='ocrx_word' id='word_1_122' title='bbox 372 1393 447 1440; x_wconf 87' lang='lat' dir='ltr'>VIII.</span> <span class='ocrx_word' id='word_1_123' title='bbox 464 1392 502 1440; x_wconf 88' lang='lat' dir='ltr'><strong>Id.</strong></span> <span class='ocrx_word' id='word_1_124' title='bbox 515 1393 596 1441; x_wconf 86' lang='lat' dir='ltr'><strong>literas</strong></span> <span class='ocrx_word' id='word_1_125' title='bbox 605 1394 716 1442; x_wconf 78' lang='lat' dir='ltr'><strong>dederam</strong></span> <span class='ocrx_word' id='word_1_126' title='bbox 727 1395 786 1440; x_wconf 87' lang='lat' dir='ltr'><strong>bene</strong></span> <span class='ocrx_word' id='word_1_127' title='bbox 798 1408 876 1440; x_wconf 86' lang='lat' dir='ltr'><strong>mane.</strong></span> <span class='ocrx_word' id='word_1_128' title='bbox 884 1406 942 1456; x_wconf 78' lang='lat' dir='ltr'><strong>very</strong></span> <span class='ocrx_word' id='word_1_129' title='bbox 950 1394 1015 1455; x_wconf 81' lang='lat' dir='ltr'><strong>early</strong></span> <span class='ocrx_word' id='word_1_130' title='bbox 1025 1393 1052 1440; x_wconf 75' lang='lat' dir='ltr'><strong>in</strong></span> <span class='ocrx_word' id='word_1_131' title='bbox 1062 1393 1102 1441; x_wconf 78' lang='lat' dir='ltr'><strong>tlte</strong></span> <span class='ocrx_word' id='word_1_132' title='bbox 1112 1408 1191 1442; x_wconf 76' lang='lat' dir='ltr'><strong>morn-</strong></span> 
     </span>
     <span class='ocr_line' id='line_1_15' title="bbox 87 1456 1191 1519; baseline 0.004 -16"><span class='ocrx_word' id='word_1_133' title='bbox 87 1456 143 1518; x_wconf 78' lang='lat' dir='ltr'><strong>ing.</strong></span> <span class='ocrx_word' id='word_1_134' title='bbox 156 1458 195 1506; x_wconf 84' lang='lat' dir='ltr'><strong>ld.</strong></span> <span class='ocrx_word' id='word_1_135' title='bbox 207 1459 224 1504; x_wconf 88' lang='lat' dir='ltr'><strong>l.</strong></span> <span class='ocrx_word' id='word_1_136' title='bbox 237 1461 264 1508; x_wconf 84' lang='grc'><strong>2.</strong></span> <span class='ocrx_word' id='word_1_137' title='bbox 276 1459 305 1506; x_wconf 82' lang='lat' dir='ltr'><strong>de</strong></span> <span class='ocrx_word' id='word_1_138' title='bbox 318 1460 389 1507; x_wconf 82' lang='lat' dir='ltr'><strong>Orat.</strong></span> <span class='ocrx_word' id='word_1_139' title='bbox 405 1473 428 1506; x_wconf 81' lang='lat' dir='ltr'><strong>c·</strong></span> <span class='ocrx_word' id='word_1_140' title='bbox 439 1462 481 1507; x_wconf 75' lang='lat' dir='ltr'><strong>st.</strong></span> <span class='ocrx_word' id='word_1_141' title='bbox 497 1458 566 1505; x_wconf 91' lang='lat' dir='ltr'><strong>Bene</strong></span> <span class='ocrx_word' id='word_1_142' title='bbox 584 1466 639 1506; x_wconf 87' lang='lat' dir='ltr'><strong>ante</strong></span> <span class='ocrx_word' id='word_1_143' title='bbox 658 1460 746 1505; x_wconf 83' lang='lat' dir='ltr'><strong>lucem.</strong></span> <span class='ocrx_word' id='word_1_144' title='bbox 762 1459 848 1519; x_wconf 81' lang='lat' dir='ltr'><strong>agend</strong></span> <span class='ocrx_word' id='word_1_145' title='bbox 862 1457 932 1506; x_wconf 76' lang='lat' dir='ltr'><strong>wltile</strong></span> <span class='ocrx_word' id='word_1_146' title='bbox 952 1457 1029 1516; x_wconf 79' lang='lat' dir='ltr'><em>before</em></span> <span class='ocrx_word' id='word_1_147' title='bbox 1045 1459 1076 1506; x_wconf 84' lang='lat' dir='ltr'><strong>da</strong></span> <span class='ocrx_word' id='word_1_148' title='bbox 1103 1475 1112 1515; x_wconf 81' lang='lat'><strong>,-</strong></span> <span class='ocrx_word' id='word_1_149' title='bbox 1127 1473 1191 1508; x_wconf 81' lang='lat' dir='ltr'><strong>some</strong></span> 
     </span>
     <span class='ocr_line' id='line_1_16' title="bbox 88 1472 1192 1585; baseline 0.003 -16"><span class='ocrx_word' id='word_1_150' title='bbox 88 1522 148 1570; x_wconf 83' lang='lat' dir='ltr'><strong>time</strong></span> <span class='ocrx_word' id='word_1_151' title='bbox 166 1523 245 1580; x_wconf 81' lang='lat' dir='ltr'><em>before</em></span> <span class='ocrx_word' id='word_1_152' title='bbox 255 1523 376 1585; x_wconf 78' lang='lat' dir='ltr'><strong>deyligbt.</strong></span> <span class='ocrx_word' id='word_1_153' title='bbox 401 1523 440 1572; x_wconf 86' lang='lat' dir='ltr'><strong>Id·</strong></span> <span class='ocrx_word' id='word_1_154' title='bbox 457 1526 473 1571; x_wconf 82' lang='lat'><strong>2</strong></span> <span class='ocrx_word' id='word_1_155' title='bbox 486 1523 562 1572; x_wconf 83' lang='lat' dir='ltr'><strong>Catil.</strong></span> <span class='ocrx_word' id='word_1_156' title='bbox 572 1538 594 1570; x_wconf 88' lang='lat' dir='ltr'><strong>c.</strong></span> <span class='ocrx_word' id='word_1_157' title='bbox 606 1528 645 1573; x_wconf 87' lang='lat'><strong>10.</strong></span> <span class='ocrx_word' id='word_1_158' title='bbox 667 1523 736 1578; x_wconf 85' lang='lat' dir='ltr'><strong>Quos</strong></span> <span class='ocrx_word' id='word_1_159' title='bbox 754 1531 795 1568; x_wconf 88' lang='lat' dir='ltr'><strong>aut</strong></span> <span class='ocrx_word' id='word_1_160' title='bbox 811 1522 931 1569; x_wconf 81' lang='lat' dir='ltr'><strong>imberbes</strong></span> <span class='ocrx_word' id='word_1_161' title='bbox 945 1527 988 1569; x_wconf 84' lang='lat' dir='ltr'><strong>aut</strong></span> <span class='ocrx_word' id='word_1_162' title='bbox 1004 1522 1066 1568; x_wconf 88' lang='lat' dir='ltr'><strong>bene</strong></span> <span class='ocrx_word' id='word_1_163' title='bbox 1077 1472 1192 1572; x_wconf 69' lang='lat' dir='ltr'><strong>iubatos</strong></span> 
     </span>
     <span class='ocr_line' id='line_1_17' title="bbox 88 1585 1190 1698; baseline 0.002 -65"><span class='ocrx_word' id='word_1_164' title='bbox 88 1585 185 1698; x_wconf 59' lang='lat' dir='ltr'><strong>E&#39;detls.</strong></span> <span class='ocrx_word' id='word_1_165' title='bbox 212 1588 276 1636; x_wconf 74' lang='lat' dir='ltr'><strong>let</strong></span> <span class='ocrx_word' id='word_1_166' title='bbox 288 1586 408 1649; x_wconf 70' lang='lat' dir='ltr'><strong>Agriane.</strong></span> <span class='ocrx_word' id='word_1_167' title='bbox 420 1591 461 1636; x_wconf 84' lang='grc'><strong>22.</strong></span> <span class='ocrx_word' id='word_1_168' title='bbox 473 1586 622 1634; x_wconf 78' lang='lat' dir='ltr'>Adolescens</span> <span class='ocrx_word' id='word_1_169' title='bbox 633 1587 714 1634; x_wconf 87' lang='lat' dir='ltr'><strong>minus</strong></span> <span class='ocrx_word' id='word_1_170' title='bbox 727 1587 790 1634; x_wconf 88' lang='lat' dir='ltr'><strong>bene</strong></span> <span class='ocrx_word' id='word_1_171' title='bbox 800 1593 946 1648; x_wconf 86' lang='lat' dir='ltr'><strong>nummatus,</strong></span> <span class='ocrx_word' id='word_1_172' title='bbox 958 1601 1029 1650; x_wconf 87' lang='lat' dir='ltr'><strong>quam</strong></span> <span class='ocrx_word' id='word_1_173' title='bbox 1041 1587 1102 1634; x_wconf 87' lang='lat' dir='ltr'><strong>bene</strong></span> <span class='ocrx_word' id='word_1_174' title='bbox 1114 1587 1190 1651; x_wconf 81' lang='lat' dir='ltr'><strong>capil-</strong></span> 
     </span>
    </p>

    <p class='ocr_par' dir='ltr' id='par_1_8' title="bbox 85 1714 1190 1976">
     <span class='ocr_line' id='line_1_18' title="bbox 122 1714 1190 1779; baseline 0 -15"><span class='ocrx_word' id='word_1_175' title='bbox 122 1719 147 1764; x_wconf 88' lang='grc'><strong>2.</strong></span> <span class='ocrx_word' id='word_1_176' title='bbox 164 1715 229 1764; x_wconf 86' lang='lat' dir='ltr'><strong>Item</strong></span> <span class='ocrx_word' id='word_1_177' title='bbox 239 1716 281 1763; x_wconf 89' lang='lat' dir='ltr'><strong>illa</strong></span> <span class='ocrx_word' id='word_1_178' title='bbox 291 1715 356 1779; x_wconf 84' lang='lat' dir='ltr'><strong>apud</strong></span> <span class='ocrx_word' id='word_1_179' title='bbox 374 1716 521 1771; x_wconf 70' lang='lat' dir='ltr'><strong><em>Ciceronem,</em></strong></span> <span class='ocrx_word' id='word_1_180' title='bbox 533 1716 624 1763; x_wconf 83' lang='lat' dir='ltr'><strong>aliosve</strong></span> <span class='ocrx_word' id='word_1_181' title='bbox 634 1716 711 1763; x_wconf 86' lang='lat' dir='ltr'><strong>bonos</strong></span> <span class='ocrx_word' id='word_1_182' title='bbox 720 1722 825 1771; x_wconf 86' lang='lat' dir='ltr'><strong>autores,</strong></span> <span class='ocrx_word' id='word_1_183' title='bbox 836 1714 893 1763; x_wconf 82' lang='lat' dir='ltr'><strong>bene</strong></span> <span class='ocrx_word' id='word_1_184' title='bbox 903 1716 1001 1772; x_wconf 56' lang='lat' dir='ltr'><strong>doctam</strong></span> <span class='ocrx_word' id='word_1_185' title='bbox 1017 1714 1073 1764; x_wconf 76' lang='lat' dir='ltr'><strong>bene</strong></span> <span class='ocrx_word' id='word_1_186' title='bbox 1079 1715 1190 1777; x_wconf 69' lang='lat' dir='ltr'><strong>peritus:</strong></span> 
     </span>
     <span class='ocr_line' id='line_1_19' title="bbox 88 1778 1189 1844; baseline 0.001 -17"><span class='ocrx_word' id='word_1_187' title='bbox 88 1780 168 1828; x_wconf 77' lang='lat' dir='ltr'><strong>matie</strong></span> <span class='ocrx_word' id='word_1_188' title='bbox 179 1781 235 1830; x_wconf 85' lang='lat' dir='ltr'><strong>bene</strong></span> <span class='ocrx_word' id='word_1_189' title='bbox 246 1783 334 1843; x_wconf 73' lang='lat' dir='ltr'><strong>langa5</strong></span> <span class='ocrx_word' id='word_1_190' title='bbox 346 1782 496 1842; x_wconf 78' lang='lat' dir='ltr'><strong>benemagnn</strong></span> <span class='ocrx_word' id='word_1_191' title='bbox 505 1786 599 1830; x_wconf 81' lang='lat' dir='ltr'><strong>caterve</strong></span> <span class='ocrx_word' id='word_1_192' title='bbox 605 1798 615 1839; x_wconf 89' lang='lat'><em>;</em></span> <span class='ocrx_word' id='word_1_193' title='bbox 626 1795 702 1829; x_wconf 74' lang='lat' dir='ltr'><strong>sermo</strong></span> <span class='ocrx_word' id='word_1_194' title='bbox 713 1781 768 1829; x_wconf 84' lang='lat' dir='ltr'><strong>bene</strong></span> <span class='ocrx_word' id='word_1_195' title='bbox 778 1782 865 1841; x_wconf 71' lang='lat' dir='ltr'><strong>tangue</strong></span> <span class='ocrx_word' id='word_1_196' title='bbox 873 1778 902 1843; x_wconf 77' lang='lat'><strong>(¹¹</strong></span> <span class='ocrx_word' id='word_1_197' title='bbox 910 1780 927 1828; x_wconf 92' lang='lat' dir='ltr'><strong>l.</strong></span> <span class='ocrx_word' id='word_1_198' title='bbox 933 1784 957 1829; x_wconf 93' lang='grc'><strong>2.</strong></span> <span class='ocrx_word' id='word_1_199' title='bbox 968 1781 997 1828; x_wconf 85' lang='lat' dir='ltr'><strong>de</strong></span> <span class='ocrx_word' id='word_1_200' title='bbox 1008 1779 1079 1828; x_wconf 81' lang='lat' dir='ltr'><strong>Oret.</strong></span> <span class='ocrx_word' id='word_1_201' title='bbox 1090 1795 1111 1827; x_wconf 86' lang='lat' dir='ltr'><strong>e.</strong></span> <span class='ocrx_word' id='word_1_202' title='bbox 1120 1780 1189 1844; x_wconf 79' lang='lat'><strong>88.);</strong></span> 
     </span>
     <span class='ocr_line' id='line_1_20' title="bbox 85 1842 1190 1909; baseline 0.001 -16"><span class='ocrx_word' id='word_1_203' title='bbox 85 1844 146 1894; x_wconf 76' lang='lat' dir='ltr'><strong>bene</strong></span> <span class='ocrx_word' id='word_1_204' title='bbox 163 1847 307 1909; x_wconf 76' lang='lat' dir='ltr'><strong>nngtnqam</strong></span> <span class='ocrx_word' id='word_1_205' title='bbox 323 1847 398 1895; x_wconf 80' lang='lat' dir='ltr'><strong>dolor.</strong></span> <span class='ocrx_word' id='word_1_206' title='bbox 430 1846 525 1893; x_wconf 78' lang='lat' dir='ltr'><strong>Rursus</strong></span> <span class='ocrx_word' id='word_1_207' title='bbox 536 1846 592 1895; x_wconf 86' lang='lat' dir='ltr'><strong>bene</strong></span> <span class='ocrx_word' id='word_1_208' title='bbox 603 1851 723 1895; x_wconf 77' lang='lat' dir='ltr'><strong>mmmm</strong></span> <span class='ocrx_word' id='word_1_209' title='bbox 740 1845 769 1909; x_wconf 72' lang='lat'><strong>(⁸</strong></span> <span class='ocrx_word' id='word_1_210' title='bbox 780 1843 796 1892; x_wconf 93' lang='grc'><strong>1.</strong></span> <span class='ocrx_word' id='word_1_211' title='bbox 807 1849 831 1894; x_wconf 89' lang='grc'><strong>9.</strong></span> <span class='ocrx_word' id='word_1_212' title='bbox 842 1845 911 1894; x_wconf 81' lang='lat' dir='ltr'><strong>Fam.</strong></span> <span class='ocrx_word' id='word_1_213' title='bbox 922 1859 958 1908; x_wconf 77' lang='lat' dir='ltr'><strong>ep.</strong></span> <span class='ocrx_word' id='word_1_214' title='bbox 971 1842 1018 1909; x_wconf 83' lang='grc'><strong>1.),</strong></span> <span class='ocrx_word' id='word_1_215' title='bbox 1028 1844 1190 1909; x_wconf 61' lang='lat' dir='ltr'><strong>benefitium</strong></span> 
     </span>
     <span class='ocr_line' id='line_1_21' title="bbox 87 1908 623 1976; baseline 0.004 -20"><span class='ocrx_word' id='word_1_216' title='bbox 87 1908 118 1972; x_wconf 74' lang='lat'><strong>(⁴</strong></span> <span class='ocrx_word' id='word_1_217' title='bbox 131 1911 149 1957; x_wconf 88' lang='lat' dir='ltr'><strong>l.</strong></span> <span class='ocrx_word' id='word_1_218' title='bbox 158 1915 198 1960; x_wconf 89' lang='grc'><strong>16.</strong></span> <span class='ocrx_word' id='word_1_219' title='bbox 211 1912 281 1960; x_wconf 84' lang='lat' dir='ltr'><strong>Fam.</strong></span> <span class='ocrx_word' id='word_1_220' title='bbox 293 1926 328 1974; x_wconf 78' lang='lat' dir='ltr'><strong>ep.</strong></span> <span class='ocrx_word' id='word_1_221' title='bbox 340 1911 388 1975; x_wconf 85' lang='grc'><strong>8.),</strong></span> <span class='ocrx_word' id='word_1_222' title='bbox 395 1911 489 1976; x_wconf 83' lang='lat' dir='ltr'><strong>aliaque</strong></span> <span class='ocrx_word' id='word_1_223' title='bbox 498 1911 623 1976; x_wconf 84' lang='lat' dir='ltr'><strong>ejusmodi.</strong></span> 
     </span>
    </p>
   </div>
   <div class='ocr_carea' id='block_1_8' title="bbox 523 2008 756 2069">
    <p class='ocr_par' dir='ltr' id='par_1_9' title="bbox 523 2008 756 2069">
     <span class='ocr_line' id='line_1_22' title="bbox 523 2008 756 2069; baseline 0 -14"><span class='ocrx_word' id='word_1_224' title='bbox 523 2010 548 2055; x_wconf 93' lang='grc'><strong>3.</strong></span> <span class='ocrx_word' id='word_1_225' title='bbox 565 2008 756 2069; x_wconf 76' lang='lat' dir='ltr'><strong>Bene-parem.</strong></span> 
     </span>
    </p>
   </div>
   <div class='ocr_carea' id='block_1_9' title="bbox 84 2083 1188 2201">
    <p class='ocr_par' dir='ltr' id='par_1_10' title="bbox 84 2083 1188 2201">
     <span class='ocr_line' id='line_1_23' title="bbox 122 2083 1188 2201; baseline -0.002 -64"><span class='ocrx_word' id='word_1_226' title='bbox 122 2087 266 2201; x_wconf 49' lang='lat' dir='ltr'><strong>Gelehllgetl:</strong></span> <span class='ocrx_word' id='word_1_227' title='bbox 277 2087 295 2136; x_wconf 92' lang='lat' dir='ltr'><strong>l.</strong></span> <span class='ocrx_word' id='word_1_228' title='bbox 305 2091 330 2136; x_wconf 84' lang='lat'><strong>1.</strong></span> <span class='ocrx_word' id='word_1_229' title='bbox 345 2104 368 2135; x_wconf 91' lang='lat' dir='ltr'><strong>c.</strong></span> <span class='ocrx_word' id='word_1_230' title='bbox 378 2091 403 2136; x_wconf 91' lang='grc'><strong>2.</strong></span> <span class='ocrx_word' id='word_1_231' title='bbox 420 2088 470 2145; x_wconf 86' lang='lat' dir='ltr'><strong>Qui</strong></span> <span class='ocrx_word' id='word_1_232' title='bbox 486 2088 549 2135; x_wconf 90' lang='lat' dir='ltr'><strong>bene</strong></span> <span class='ocrx_word' id='word_1_233' title='bbox 568 2088 689 2152; x_wconf 80' lang='lat' dir='ltr'><strong>connexit,</strong></span> <span class='ocrx_word' id='word_1_234' title='bbox 705 2103 775 2136; x_wconf 88' lang='lat' dir='ltr'><strong>mane</strong></span> <span class='ocrx_word' id='word_1_235' title='bbox 791 2083 844 2135; x_wconf 82' lang='lat' dir='ltr'><strong>tut&#39;o</strong></span> <span class='ocrx_word' id='word_1_236' title='bbox 855 2096 951 2150; x_wconf 83' lang='lat' dir='ltr'><strong>surget;</strong></span> <span class='ocrx_word' id='word_1_237' title='bbox 968 2088 1011 2151; x_wconf 88' lang='lat' dir='ltr'><strong>qui</strong></span> <span class='ocrx_word' id='word_1_238' title='bbox 1026 2102 1120 2153; x_wconf 84' lang='lat' dir='ltr'><strong>parum,</strong></span> <span class='ocrx_word' id='word_1_239' title='bbox 1135 2088 1188 2152; x_wconf 86' lang='lat' dir='ltr'><strong>qni·</strong></span> 
     </span>
     <span class='ocr_line' id='line_1_24' title="bbox 84 2166 213 2201; baseline 0.016 -3"><span class='ocrx_word' id='word_1_240' title='bbox 84 2166 170 2201; x_wconf 85' lang='lat' dir='ltr'><strong>escere</strong></span> <span class='ocrx_word' id='word_1_241' title='bbox 199 2167 213 2200; x_wconf 93' lang='lat' dir='ltr'><strong>e</strong></span> 
     </span>
    </p>
   </div>
   <div class='ocr_carea' id='block_1_10' title="bbox 80 2247 1234 3284">
    <p class='ocr_par' dir='ltr' id='par_1_11' title="bbox 84 2247 1234 2750">
     <span class='ocr_line' id='line_1_25' title="bbox 118 2247 1234 2314; baseline -0.001 -16"><span class='ocrx_word' id='word_1_242' title='bbox 118 2247 180 2312; x_wconf 70' lang='lat' dir='ltr'><strong>tn.</strong></span> <span class='ocrx_word' id='word_1_243' title='bbox 192 2254 215 2298; x_wconf 90' lang='lat'><strong>1.</strong></span> <span class='ocrx_word' id='word_1_244' title='bbox 232 2249 321 2297; x_wconf 77' lang='lat' dir='ltr'><strong>Benna</strong></span> <span class='ocrx_word' id='word_1_245' title='bbox 337 2249 419 2299; x_wconf 81' lang='lat' dir='ltr'><strong>abene</strong></span> <span class='ocrx_word' id='word_1_246' title='bbox 433 2249 586 2298; x_wconf 81' lang='lat' dir='ltr'><strong>inminutum</strong></span> <span class='ocrx_word' id='word_1_247' title='bbox 605 2256 652 2305; x_wconf 83' lang='lat' dir='ltr'><strong>est,</strong></span> <span class='ocrx_word' id='word_1_248' title='bbox 669 2257 697 2297; x_wconf 89' lang='lat' dir='ltr'><strong>ut</strong></span> <span class='ocrx_word' id='word_1_249' title='bbox 711 2251 745 2299; x_wconf 90' lang='lat' dir='ltr'><strong>sit</strong></span> <span class='ocrx_word' id='word_1_250' title='bbox 760 2251 821 2300; x_wconf 82' lang='lat' dir='ltr'><strong>satie</strong></span> <span class='ocrx_word' id='word_1_251' title='bbox 837 2249 901 2300; x_wconf 78' lang='lat' dir='ltr'><strong>berte.</strong></span> <span class='ocrx_word' id='word_1_252' title='bbox 936 2247 1027 2299; x_wconf 86' lang='lat' dir='ltr'><strong>Verum</strong></span> <span class='ocrx_word' id='word_1_253' title='bbox 1037 2265 1102 2314; x_wconf 77' lang='lat' dir='ltr'><strong>sepe</strong></span> <span class='ocrx_word' id='word_1_254' title='bbox 1113 2250 1189 2313; x_wconf 79' lang='lat' dir='ltr'><strong>magis</strong></span> <span class='ocrx_word' id='word_1_255' title='bbox 1231 2283 1234 2288; x_wconf 86' lang='lat'><em>-</em></span> 
     </span>
     <span class='ocr_line' id='line_1_26' title="bbox 84 2313 1189 2378; baseline 0.003 -16"><span class='ocrx_word' id='word_1_256' title='bbox 84 2315 184 2362; x_wconf 84' lang='lat' dir='ltr'><strong>aceedit</strong></span> <span class='ocrx_word' id='word_1_257' title='bbox 198 2313 230 2361; x_wconf 85' lang='lat' dir='ltr'><strong>ad</strong></span> <span class='ocrx_word' id='word_1_258' title='bbox 241 2319 338 2364; x_wconf 81' lang='lat' dir='ltr'><strong>uenuste</strong></span> <span class='ocrx_word' id='word_1_259' title='bbox 349 2321 420 2377; x_wconf 85' lang='lat' dir='ltr'><strong>etque</strong></span> <span class='ocrx_word' id='word_1_260' title='bbox 431 2316 553 2378; x_wconf 78' lang='lat' dir='ltr'><em>concinne,</em></span> <span class='ocrx_word' id='word_1_261' title='bbox 563 2330 635 2378; x_wconf 84' lang='lat' dir='ltr'><strong>quam</strong></span> <span class='ocrx_word' id='word_1_262' title='bbox 645 2314 677 2363; x_wconf 88' lang='lat' dir='ltr'><strong>ad</strong></span> <span class='ocrx_word' id='word_1_263' title='bbox 687 2316 752 2364; x_wconf 84' lang='lat' dir='ltr'><strong>bene.</strong></span> <span class='ocrx_word' id='word_1_264' title='bbox 777 2316 828 2364; x_wconf 85' lang='lat' dir='ltr'><strong>Cie.</strong></span> <span class='ocrx_word' id='word_1_265' title='bbox 839 2316 856 2363; x_wconf 92' lang='lat' dir='ltr'><strong>l.</strong></span> <span class='ocrx_word' id='word_1_266' title='bbox 867 2319 892 2364; x_wconf 86' lang='grc'><strong>3.</strong></span> <span class='ocrx_word' id='word_1_267' title='bbox 904 2315 932 2365; x_wconf 88' lang='lat' dir='ltr'><strong>de</strong></span> <span class='ocrx_word' id='word_1_268' title='bbox 946 2316 1017 2366; x_wconf 84' lang='lat' dir='ltr'><strong>Orat·</strong></span> <span class='ocrx_word' id='word_1_269' title='bbox 1028 2330 1051 2364; x_wconf 82' lang='lat' dir='ltr'><strong>c.</strong></span> <span class='ocrx_word' id='word_1_270' title='bbox 1061 2319 1103 2366; x_wconf 89' lang='grc'><strong>26.</strong></span> <span class='ocrx_word' id='word_1_271' title='bbox 1120 2315 1189 2365; x_wconf 77' lang='lat' dir='ltr'><strong>Bene</strong></span> 
     </span>
     <span class='ocr_line' id='line_1_27' title="bbox 84 2379 1188 2444; baseline 0.005 -19"><span class='ocrx_word' id='word_1_272' title='bbox 84 2386 113 2426; x_wconf 90' lang='lat' dir='ltr'><strong>et</strong></span> <span class='ocrx_word' id='word_1_273' title='bbox 123 2379 237 2441; x_wconf 73' lang='lat' dir='ltr'><strong><em>preclare</em></strong></span> <span class='ocrx_word' id='word_1_274' title='bbox 258 2381 364 2442; x_wconf 83' lang='lat' dir='ltr'><strong>quamvis</strong></span> <span class='ocrx_word' id='word_1_275' title='bbox 379 2379 448 2427; x_wconf 84' lang='lat' dir='ltr'><strong>nobis</strong></span> <span class='ocrx_word' id='word_1_276' title='bbox 464 2395 528 2443; x_wconf 74' lang='lat' dir='ltr'><strong>sape</strong></span> <span class='ocrx_word' id='word_1_277' title='bbox 545 2379 652 2428; x_wconf 88' lang='lat' dir='ltr'><strong>dicatur:</strong></span> <span class='ocrx_word' id='word_1_278' title='bbox 672 2380 730 2430; x_wconf 87' lang='lat' dir='ltr'><strong>belle</strong></span> <span class='ocrx_word' id='word_1_279' title='bbox 746 2387 771 2427; x_wconf 90' lang='lat' dir='ltr'><strong>et</strong></span> <span class='ocrx_word' id='word_1_280' title='bbox 775 2380 867 2439; x_wconf 71' lang='lat' dir='ltr'><strong>settim</strong></span> <span class='ocrx_word' id='word_1_281' title='bbox 882 2380 983 2428; x_wconf 87' lang='lat' dir='ltr'><strong>nimium</strong></span> <span class='ocrx_word' id='word_1_282' title='bbox 998 2395 1062 2444; x_wconf 83' lang='lat' dir='ltr'><strong>saepe</strong></span> <span class='ocrx_word' id='word_1_283' title='bbox 1073 2379 1138 2428; x_wconf 87' lang='lat' dir='ltr'><strong>nolo.</strong></span> <span class='ocrx_word' id='word_1_284' title='bbox 1154 2381 1188 2430; x_wconf 79' lang='lat' dir='ltr'><strong>lsi</strong></span> 
     </span>
     <span class='ocr_line' id='line_1_28' title="bbox 87 2443 1188 2509; baseline 0.004 -19"><span class='ocrx_word' id='word_1_285' title='bbox 87 2443 152 2492; x_wconf 76' lang='lat' dir='ltr'><strong>illem</strong></span> <span class='ocrx_word' id='word_1_286' title='bbox 170 2444 212 2492; x_wconf 85' lang='lat' dir='ltr'><strong>tell</strong></span> <span class='ocrx_word' id='word_1_287' title='bbox 222 2459 250 2492; x_wconf 79' lang='lat' dir='ltr'><strong>aa</strong></span> <span class='ocrx_word' id='word_1_288' title='bbox 271 2459 299 2492; x_wconf 80' lang='lat' dir='ltr'><strong>aa</strong></span> <span class='ocrx_word' id='word_1_289' title='bbox 315 2444 380 2503; x_wconf 84' lang='lat' dir='ltr'><strong>osten</strong></span> <span class='ocrx_word' id='word_1_290' title='bbox 403 2459 430 2492; x_wconf 82' lang='lat' dir='ltr'><strong>aa</strong></span> <span class='ocrx_word' id='word_1_291' title='bbox 447 2446 501 2509; x_wconf 77' lang='lat' dir='ltr'><strong>tltey</strong></span> <span class='ocrx_word' id='word_1_292' title='bbox 516 2446 593 2508; x_wconf 81' lang='lat' dir='ltr'><strong>plenae</strong></span> <span class='ocrx_word' id='word_1_293' title='bbox 604 2445 657 2493; x_wconf 79' lang='lat' dir='ltr'><strong>ibet</strong></span> <span class='ocrx_word' id='word_1_294' title='bbox 674 2451 691 2473; x_wconf 91' lang='lat'><strong>“</strong></span> <span class='ocrx_word' id='word_1_295' title='bbox 702 2445 759 2495; x_wconf 80' lang='lat' dir='ltr'><strong>Titia</strong></span> <span class='ocrx_word' id='word_1_296' title='bbox 773 2444 795 2494; x_wconf 86' lang='lat' dir='ltr'><strong>ia</strong></span> <span class='ocrx_word' id='word_1_297' title='bbox 807 2448 879 2507; x_wconf 78' lang='lat' dir='ltr'><strong>gend.</strong></span> <span class='ocrx_word' id='word_1_298' title='bbox 889 2443 1134 2495; x_wconf 80' lang='lat' dir='ltr'><strong>Tbiaiaeaeeellent:”</strong></span> <span class='ocrx_word' id='word_1_299' title='bbox 1145 2444 1188 2494; x_wconf 77' lang='grc'><strong>1111</strong></span> 
     </span>
     <span class='ocr_line' id='line_1_29' title="bbox 86 2507 1187 2574; baseline 0.003 -19"><span class='ocrx_word' id='word_1_300' title='bbox 86 2507 189 2557; x_wconf 78' lang='lat' dir='ltr'><strong>idonei</strong></span> <span class='ocrx_word' id='word_1_301' title='bbox 198 2509 246 2557; x_wconf 81' lang='lat' dir='ltr'><strong>like</strong></span> <span class='ocrx_word' id='word_1_302' title='bbox 262 2523 277 2556; x_wconf 83' lang='lat' dir='ltr'><strong>a</strong></span> <span class='ocrx_word' id='word_1_303' title='bbox 292 2514 330 2558; x_wconf 86' lang='lat' dir='ltr'><strong>teo</strong></span> <span class='ocrx_word' id='word_1_304' title='bbox 343 2508 457 2571; x_wconf 75' lang='lat' dir='ltr'><strong>frequent</strong></span> <span class='ocrx_word' id='word_1_305' title='bbox 474 2509 641 2572; x_wconf 81' lang='lat' dir='ltr'><strong>repetitiones</strong></span> <span class='ocrx_word' id='word_1_306' title='bbox 652 2516 668 2538; x_wconf 87' lang='lat'><strong>“</strong></span> <span class='ocrx_word' id='word_1_307' title='bbox 681 2509 744 2558; x_wconf 76' lang='lat' dir='ltr'><strong>Thai</strong></span> <span class='ocrx_word' id='word_1_308' title='bbox 758 2510 781 2557; x_wconf 86' lang='lat' dir='ltr'><strong>ia</strong></span> <span class='ocrx_word' id='word_1_309' title='bbox 788 2511 851 2574; x_wconf 81' lang='lat' dir='ltr'><strong>fine,</strong></span> <span class='ocrx_word' id='word_1_310' title='bbox 864 2509 925 2558; x_wconf 83' lang='lat' dir='ltr'><strong>Tlmt</strong></span> <span class='ocrx_word' id='word_1_311' title='bbox 937 2510 959 2557; x_wconf 84' lang='lat' dir='ltr'><strong>ie</strong></span> <span class='ocrx_word' id='word_1_312' title='bbox 969 2507 1119 2571; x_wconf 80' lang='lat' dir='ltr'><strong>ebenning.”</strong></span> <span class='ocrx_word' id='word_1_313' title='bbox 1147 2508 1187 2558; x_wconf 78' lang='lat' dir='ltr'><strong>la.</strong></span> 
     </span>
     <span class='ocr_line' id='line_1_30' title="bbox 84 2570 1187 2636; baseline 0.003 -18"><span class='ocrx_word' id='word_1_314' title='bbox 84 2572 102 2619; x_wconf 86' lang='lat' dir='ltr'><strong>l.</strong></span> <span class='ocrx_word' id='word_1_315' title='bbox 115 2577 139 2621; x_wconf 87' lang='grc'><strong>3.</strong></span> <span class='ocrx_word' id='word_1_316' title='bbox 153 2573 201 2629; x_wconf 81' lang='lat' dir='ltr'><strong>Qu.</strong></span> <span class='ocrx_word' id='word_1_317' title='bbox 212 2573 256 2623; x_wconf 84' lang='lat' dir='ltr'><strong>Fr.</strong></span> <span class='ocrx_word' id='word_1_318' title='bbox 268 2588 303 2635; x_wconf 81' lang='lat' dir='ltr'><strong>ep.</strong></span> <span class='ocrx_word' id='word_1_319' title='bbox 315 2576 338 2619; x_wconf 94' lang='lat' dir='ltr'><strong>l.</strong></span> <span class='ocrx_word' id='word_1_320' title='bbox 354 2571 449 2635; x_wconf 86' lang='lat' dir='ltr'><strong>Aquam</strong></span> <span class='ocrx_word' id='word_1_321' title='bbox 460 2588 510 2620; x_wconf 89' lang='lat' dir='ltr'><strong>non</strong></span> <span class='ocrx_word' id='word_1_322' title='bbox 520 2576 590 2636; x_wconf 81' lang='lat' dir='ltr'><strong>longe</strong></span> <span class='ocrx_word' id='word_1_323' title='bbox 607 2587 622 2620; x_wconf 86' lang='lat' dir='ltr'><strong>a</strong></span> <span class='ocrx_word' id='word_1_324' title='bbox 633 2572 692 2621; x_wconf 87' lang='lat' dir='ltr'><strong>villa</strong></span> <span class='ocrx_word' id='word_1_325' title='bbox 707 2573 772 2621; x_wconf 88' lang='lat' dir='ltr'><strong>belle</strong></span> <span class='ocrx_word' id='word_1_326' title='bbox 788 2589 846 2624; x_wconf 86' lang='lat' dir='ltr'><strong>eane</strong></span> <span class='ocrx_word' id='word_1_327' title='bbox 857 2574 972 2621; x_wconf 87' lang='lat' dir='ltr'><strong>fluentem</strong></span> <span class='ocrx_word' id='word_1_328' title='bbox 990 2573 1048 2620; x_wconf 85' lang='lat' dir='ltr'><strong>vidi.</strong></span> <span class='ocrx_word' id='word_1_329' title='bbox 1081 2575 1120 2622; x_wconf 81' lang='lat' dir='ltr'><strong>Id.</strong></span> <span class='ocrx_word' id='word_1_330' title='bbox 1131 2570 1187 2623; x_wconf 89' lang='grc'><strong>111.</strong></span> 
     </span>
     <span class='ocr_line' id='line_1_31' title="bbox 84 2636 1187 2747; baseline 0.002 -63"><span class='ocrx_word' id='word_1_331' title='bbox 84 2636 102 2686; x_wconf 89' lang='lat' dir='ltr'><strong>l.</strong></span> <span class='ocrx_word' id='word_1_332' title='bbox 115 2643 142 2685; x_wconf 83' lang='lat' dir='ltr'><strong>et</strong></span> <span class='ocrx_word' id='word_1_333' title='bbox 157 2652 194 2747; x_wconf 57' lang='lat' dir='ltr'><strong>ep(i</strong></span> <span class='ocrx_word' id='word_1_334' title='bbox 206 2641 229 2685; x_wconf 90' lang='lat'><strong>1.</strong></span> <span class='ocrx_word' id='word_1_335' title='bbox 240 2637 402 2686; x_wconf 78' lang='lat' dir='ltr'><strong>Hermathena</strong></span> <span class='ocrx_word' id='word_1_336' title='bbox 412 2645 454 2685; x_wconf 87' lang='lat' dir='ltr'><strong>tua</strong></span> <span class='ocrx_word' id='word_1_337' title='bbox 470 2638 546 2701; x_wconf 84' lang='lat' dir='ltr'><strong>posita</strong></span> <span class='ocrx_word' id='word_1_338' title='bbox 558 2639 592 2686; x_wconf 87' lang='lat' dir='ltr'><strong>ita</strong></span> <span class='ocrx_word' id='word_1_339' title='bbox 601 2638 666 2685; x_wconf 90' lang='lat' dir='ltr'><strong>belle</strong></span> <span class='ocrx_word' id='word_1_340' title='bbox 679 2644 725 2701; x_wconf 85' lang='lat' dir='ltr'><strong>est,</strong></span> <span class='ocrx_word' id='word_1_341' title='bbox 736 2644 763 2686; x_wconf 89' lang='lat' dir='ltr'><strong>ut</strong></span> <span class='ocrx_word' id='word_1_342' title='bbox 779 2646 857 2687; x_wconf 85' lang='lat' dir='ltr'><strong>totum</strong></span> <span class='ocrx_word' id='word_1_343' title='bbox 864 2638 1014 2703; x_wconf 74' lang='lat' dir='ltr'><strong>gymnasium</strong></span> <span class='ocrx_word' id='word_1_344' title='bbox 1022 2637 1187 2687; x_wconf 74' lang='lat' dir='ltr'><strong>Hermathena</strong></span> 
     </span>
     <span class='ocr_line' id='line_1_32' title="bbox 84 2703 273 2750; baseline 0.005 -1"><span class='ocrx_word' id='word_1_345' title='bbox 84 2715 141 2750; x_wconf 84' lang='lat' dir='ltr'><strong>esse</strong></span> <span class='ocrx_word' id='word_1_346' title='bbox 152 2703 179 2749; x_wconf 81' lang='lat' dir='ltr'><strong>vi</strong></span> <span class='ocrx_word' id='word_1_347' title='bbox 196 2708 273 2750; x_wconf 87' lang='lat' dir='ltr'><strong>eatur.</strong></span> 
     </span>
    </p>

    <p class='ocr_par' dir='ltr' id='par_1_12' title="bbox 80 2763 1186 3284">
     <span class='ocr_line' id='line_1_33' title="bbox 118 2763 1186 2829; baseline 0.001 -16"><span class='ocrx_word' id='word_1_348' title='bbox 118 2772 143 2816; x_wconf 87' lang='grc'><strong>2.</strong></span> <span class='ocrx_word' id='word_1_349' title='bbox 158 2765 217 2813; x_wconf 89' lang='lat' dir='ltr'><strong>Non</strong></span> <span class='ocrx_word' id='word_1_350' title='bbox 227 2781 280 2813; x_wconf 87' lang='lat' dir='ltr'><strong>raro</strong></span> <span class='ocrx_word' id='word_1_351' title='bbox 291 2773 372 2814; x_wconf 69' lang='lat' dir='ltr'><strong>nmen</strong></span> <span class='ocrx_word' id='word_1_352' title='bbox 381 2779 423 2829; x_wconf 84' lang='lat' dir='ltr'><strong>pro</strong></span> <span class='ocrx_word' id='word_1_353' title='bbox 434 2768 549 2815; x_wconf 73' lang='lat' dir='ltr'><strong>coneneie</strong></span> <span class='ocrx_word' id='word_1_354' title='bbox 564 2772 699 2828; x_wconf 84' lang='lat' dir='ltr'><strong>usurpatur,</strong></span> <span class='ocrx_word' id='word_1_355' title='bbox 714 2763 771 2827; x_wconf 88' lang='lat' dir='ltr'><strong>quia</strong></span> <span class='ocrx_word' id='word_1_356' title='bbox 786 2767 902 2815; x_wconf 78' lang='lat' dir='ltr'><strong>commode</strong></span> <span class='ocrx_word' id='word_1_357' title='bbox 918 2771 956 2812; x_wconf 87' lang='lat' dir='ltr'><strong>est</strong></span> <span class='ocrx_word' id='word_1_358' title='bbox 973 2765 1035 2813; x_wconf 80' lang='lat' dir='ltr'><strong>aetia</strong></span> <span class='ocrx_word' id='word_1_359' title='bbox 1048 2765 1113 2814; x_wconf 80' lang='lat' dir='ltr'><strong>bene.</strong></span> <span class='ocrx_word' id='word_1_360' title='bbox 1132 2765 1186 2814; x_wconf 81' lang='lat' dir='ltr'><strong>cie.</strong></span> 
     </span>
     <span class='ocr_line' id='line_1_34' title="bbox 84 2829 1186 2892; baseline 0.002 -16"><span class='ocrx_word' id='word_1_361' title='bbox 84 2830 102 2878; x_wconf 88' lang='grc' dir='ltr'><strong>Ι.</strong></span> <span class='ocrx_word' id='word_1_362' title='bbox 113 2835 139 2879; x_wconf 84' lang='grc'><strong>7.</strong></span> <span class='ocrx_word' id='word_1_363' title='bbox 151 2829 206 2879; x_wconf 89' lang='grc'><strong>111.</strong></span> <span class='ocrx_word' id='word_1_364' title='bbox 217 2845 254 2892; x_wconf 74' lang='lat' dir='ltr'><strong>en.</strong></span> <span class='ocrx_word' id='word_1_365' title='bbox 264 2835 289 2880; x_wconf 91' lang='grc'><strong>2.</strong></span> <span class='ocrx_word' id='word_1_366' title='bbox 300 2831 370 2878; x_wconf 87' lang='lat' dir='ltr'><strong>Belle</strong></span> <span class='ocrx_word' id='word_1_367' title='bbox 383 2830 451 2878; x_wconf 90' lang='lat' dir='ltr'><strong>nobis</strong></span> <span class='ocrx_word' id='word_1_368' title='bbox 461 2831 527 2878; x_wconf 80' lang='lat' dir='ltr'><strong>flavit</strong></span> <span class='ocrx_word' id='word_1_369' title='bbox 537 2838 625 2877; x_wconf 85' lang='lat' dir='ltr'><strong>auster.</strong></span> <span class='ocrx_word' id='word_1_370' title='bbox 642 2831 679 2878; x_wconf 89' lang='lat' dir='ltr'><strong>ld.</strong></span> <span class='ocrx_word' id='word_1_371' title='bbox 690 2831 708 2876; x_wconf 94' lang='lat' dir='ltr'><strong>l.</strong></span> <span class='ocrx_word' id='word_1_372' title='bbox 718 2834 743 2878; x_wconf 93' lang='grc'><strong>4.</strong></span> <span class='ocrx_word' id='word_1_373' title='bbox 755 2830 866 2891; x_wconf 70' lang='lat' dir='ltr'><strong>Famaep.</strong></span> <span class='ocrx_word' id='word_1_374' title='bbox 877 2833 917 2877; x_wconf 89' lang='lat'><strong>16.</strong></span> <span class='ocrx_word' id='word_1_375' title='bbox 929 2829 993 2891; x_wconf 84' lang='lat' dir='ltr'><strong>Ergo</strong></span> <span class='ocrx_word' id='word_1_376' title='bbox 1003 2830 1054 2876; x_wconf 76' lang='lat' dir='ltr'><strong>hae</strong></span> <span class='ocrx_word' id='word_1_377' title='bbox 1065 2829 1186 2890; x_wconf 85' lang='lat' dir='ltr'><strong>quomode</strong></span> 
     </span>
     <span class='ocr_line' id='line_1_35' title="bbox 83 2892 1185 2954; baseline 0.001 -13"><span class='ocrx_word' id='word_1_378' title='bbox 83 2895 163 2943; x_wconf 79' lang='lat' dir='ltr'><strong>feres?</strong></span> <span class='ocrx_word' id='word_1_379' title='bbox 179 2895 244 2944; x_wconf 86' lang='lat' dir='ltr'><strong>belle</strong></span> <span class='ocrx_word' id='word_1_380' title='bbox 263 2896 373 2954; x_wconf 85' lang='lat' dir='ltr'><strong>hercule;</strong></span> <span class='ocrx_word' id='word_1_381' title='bbox 390 2895 450 2942; x_wconf 89' lang='lat' dir='ltr'><strong>etin</strong></span> <span class='ocrx_word' id='word_1_382' title='bbox 461 2909 490 2941; x_wconf 90' lang='lat' dir='ltr'><strong>eo</strong></span> <span class='ocrx_word' id='word_1_383' title='bbox 504 2909 541 2941; x_wconf 88' lang='lat' dir='ltr'><strong>me</strong></span> <span class='ocrx_word' id='word_1_384' title='bbox 553 2894 622 2940; x_wconf 83' lang='lat' dir='ltr'><strong>valde</strong></span> <span class='ocrx_word' id='word_1_385' title='bbox 635 2908 698 2940; x_wconf 83' lang='lat' dir='ltr'><strong>ama.</strong></span> <span class='ocrx_word' id='word_1_386' title='bbox 727 2893 829 2942; x_wconf 73' lang='grc'><strong>11112.</strong></span> <span class='ocrx_word' id='word_1_387' title='bbox 844 2895 874 2942; x_wconf 84' lang='lat' dir='ltr'><strong>de</strong></span> <span class='ocrx_word' id='word_1_388' title='bbox 885 2893 969 2942; x_wconf 78' lang='lat' dir='ltr'><strong>Divite·</strong></span> <span class='ocrx_word' id='word_1_389' title='bbox 978 2908 1003 2939; x_wconf 84' lang='lat' dir='ltr'><strong>c.</strong></span> <span class='ocrx_word' id='word_1_390' title='bbox 1013 2897 1054 2942; x_wconf 90' lang='grc'><strong>31.</strong></span> <span class='ocrx_word' id='word_1_391' title='bbox 1065 2892 1125 2940; x_wconf 80' lang='lat' dir='ltr'><strong>Haec</strong></span> <span class='ocrx_word' id='word_1_392' title='bbox 1135 2908 1185 2942; x_wconf 86' lang='lat' dir='ltr'><strong>non</strong></span> 
     </span>
     <span class='ocr_line' id='line_1_36' title="bbox 83 2954 1186 3022; baseline -0.001 -14"><span class='ocrx_word' id='word_1_393' title='bbox 83 2966 136 3008; x_wconf 82' lang='lat' dir='ltr'><strong>tam</strong></span> <span class='ocrx_word' id='word_1_394' title='bbox 144 2959 266 3008; x_wconf 82' lang='lat' dir='ltr'><strong>mirabilia</strong></span> <span class='ocrx_word' id='word_1_395' title='bbox 275 2969 330 3007; x_wconf 88' lang='lat' dir='ltr'><strong>sunt</strong></span> <span class='ocrx_word' id='word_1_396' title='bbox 351 2974 423 3022; x_wconf 86' lang='lat' dir='ltr'><strong>quam</strong></span> <span class='ocrx_word' id='word_1_397' title='bbox 432 2957 540 3022; x_wconf 85' lang='lat' dir='ltr'><strong>eonjecta</strong></span> <span class='ocrx_word' id='word_1_398' title='bbox 549 2957 622 3005; x_wconf 90' lang='lat' dir='ltr'><strong>belle.</strong></span> <span class='ocrx_word' id='word_1_399' title='bbox 656 2957 696 3006; x_wconf 88' lang='lat' dir='ltr'><strong>Id.</strong></span> <span class='ocrx_word' id='word_1_400' title='bbox 707 2957 725 3003; x_wconf 91' lang='lat' dir='ltr'><strong>l.</strong></span> <span class='ocrx_word' id='word_1_401' title='bbox 735 2964 760 3006; x_wconf 82' lang='lat'><strong>5.</strong></span> <span class='ocrx_word' id='word_1_402' title='bbox 770 2958 800 3006; x_wconf 83' lang='lat' dir='ltr'><strong>de</strong></span> <span class='ocrx_word' id='word_1_403' title='bbox 814 2957 837 3005; x_wconf 84' lang='lat' dir='ltr'><em>F</em></span> <span class='ocrx_word' id='word_1_404' title='bbox 836 2957 869 3006; x_wconf 84' lang='lat' dir='ltr'><strong>in.</strong></span> <span class='ocrx_word' id='word_1_405' title='bbox 878 2973 899 3005; x_wconf 91' lang='lat' dir='ltr'><strong>c.</strong></span> <span class='ocrx_word' id='word_1_406' title='bbox 909 2963 933 3006; x_wconf 90' lang='grc'><strong>2.</strong></span> <span class='ocrx_word' id='word_1_407' title='bbox 950 2954 1015 3004; x_wconf 86' lang='lat' dir='ltr'>Mihi</span> <span class='ocrx_word' id='word_1_408' title='bbox 1025 2956 1121 3020; x_wconf 72' lang='lat' dir='ltr'><strong>quidem</strong></span> <span class='ocrx_word' id='word_1_409' title='bbox 1131 2955 1186 3007; x_wconf 83' lang='lat' dir='ltr'><strong>An·</strong></span> 
     </span>
     <span class='ocr_line' id='line_1_37' title="bbox 82 2998 1185 3088; baseline -0.009 -15"><span class='ocrx_word' id='word_1_410' title='bbox 82 3025 198 3081; x_wconf 62' lang='lat' dir='ltr'><strong>umnam,</strong></span> <span class='ocrx_word' id='word_1_411' title='bbox 210 2998 438 3088; x_wconf 63' lang='lat' dir='ltr'><strong>quamanimae</strong></span> <span class='ocrx_word' id='word_1_412' title='bbox 448 3021 610 3070; x_wconf 68' lang='lat' dir='ltr'><strong>tenentem</strong></span> <span class='ocrx_word' id='word_1_413' title='bbox 621 3021 754 3069; x_wconf 70' lang='lat' dir='ltr'><strong>attenuere.</strong></span> <span class='ocrx_word' id='word_1_414' title='bbox 770 3022 839 3070; x_wconf 72' lang='grc' dir='ltr'><strong>ι...</strong></span> <span class='ocrx_word' id='word_1_415' title='bbox 849 3023 893 3072; x_wconf 72' lang='lat' dir='ltr'><strong>em</strong></span> <span class='ocrx_word' id='word_1_416' title='bbox 907 3022 968 3072; x_wconf 72' lang='lat' dir='ltr'><strong>nea</strong></span> <span class='ocrx_word' id='word_1_417' title='bbox 979 3021 1051 3071; x_wconf 70' lang='lat' dir='ltr'><strong>enee:</strong></span> <span class='ocrx_word' id='word_1_418' title='bbox 1070 3021 1132 3069; x_wconf 72' lang='lat' dir='ltr'><strong>tarn</strong></span> <span class='ocrx_word' id='word_1_419' title='bbox 1142 3037 1185 3072; x_wconf 72' lang='lat' dir='ltr'><strong>ce.</strong></span> 
     </span>
     <span class='ocr_line' id='line_1_38' title="bbox 83 3083 1184 3155; baseline 0.001 -18"><span class='ocrx_word' id='word_1_420' title='bbox 83 3088 145 3138; x_wconf 89' lang='lat' dir='ltr'><strong>cidit</strong></span> <span class='ocrx_word' id='word_1_421' title='bbox 155 3090 185 3155; x_wconf 63' lang='grc' dir='ltr'><strong>(ι</strong></span> <span class='ocrx_word' id='word_1_422' title='bbox 190 3091 208 3137; x_wconf 88' lang='lat' dir='ltr'><strong>l.</strong></span> <span class='ocrx_word' id='word_1_423' title='bbox 217 3093 258 3138; x_wconf 87' lang='grc'><strong>13.</strong></span> <span class='ocrx_word' id='word_1_424' title='bbox 271 3088 324 3139; x_wconf 86' lang='grc'><strong>111.</strong></span> <span class='ocrx_word' id='word_1_425' title='bbox 336 3104 371 3151; x_wconf 80' lang='lat' dir='ltr'><strong>ep.</strong></span> <span class='ocrx_word' id='word_1_426' title='bbox 383 3088 445 3152; x_wconf 75' lang='grc'><strong>33),</strong></span> <span class='ocrx_word' id='word_1_427' title='bbox 456 3087 520 3136; x_wconf 89' lang='lat' dir='ltr'><strong>belle</strong></span> <span class='ocrx_word' id='word_1_428' title='bbox 532 3086 619 3134; x_wconf 87' lang='lat' dir='ltr'><strong>babere</strong></span> <span class='ocrx_word' id='word_1_429' title='bbox 628 3085 656 3150; x_wconf 69' lang='lat' dir='ltr'><strong>(l</strong></span> <span class='ocrx_word' id='word_1_430' title='bbox 667 3087 685 3134; x_wconf 95' lang='lat' dir='ltr'><strong>l.</strong></span> <span class='ocrx_word' id='word_1_431' title='bbox 697 3085 803 3136; x_wconf 79' lang='grc'><strong>12111.</strong></span> <span class='ocrx_word' id='word_1_432' title='bbox 814 3102 850 3150; x_wconf 80' lang='lat' dir='ltr'><strong>ep·</strong></span> <span class='ocrx_word' id='word_1_433' title='bbox 862 3083 925 3148; x_wconf 75' lang='grc'><strong>36),</strong></span> <span class='ocrx_word' id='word_1_434' title='bbox 936 3087 1015 3134; x_wconf 82' lang='lat' dir='ltr'><strong>minus</strong></span> <span class='ocrx_word' id='word_1_435' title='bbox 1022 3085 1086 3135; x_wconf 90' lang='lat' dir='ltr'><strong>belle</strong></span> <span class='ocrx_word' id='word_1_436' title='bbox 1097 3085 1184 3138; x_wconf 77' lang='lat' dir='ltr'><strong>haber·</strong></span> 
     </span>
     <span class='ocr_line' id='line_1_39' title="bbox 82 3151 1183 3218; baseline 0 -16"><span class='ocrx_word' id='word_1_437' title='bbox 82 3153 114 3218; x_wconf 60' lang='grc'><strong>(1</strong></span> <span class='ocrx_word' id='word_1_438' title='bbox 123 3156 139 3202; x_wconf 82' lang='lat' dir='ltr'><strong>l.</strong></span> <span class='ocrx_word' id='word_1_439' title='bbox 149 3159 175 3203; x_wconf 92' lang='grc'><strong>9.</strong></span> <span class='ocrx_word' id='word_1_440' title='bbox 186 3156 255 3205; x_wconf 82' lang='lat' dir='ltr'><strong>Fam.</strong></span> <span class='ocrx_word' id='word_1_441' title='bbox 266 3168 301 3216; x_wconf 81' lang='lat' dir='ltr'><strong>ep.</strong></span> <span class='ocrx_word' id='word_1_442' title='bbox 312 3154 356 3216; x_wconf 93' lang='grc'><strong>9.).</strong></span> <span class='ocrx_word' id='word_1_443' title='bbox 381 3153 477 3202; x_wconf 74' lang='lat' dir='ltr'><strong>Raram</strong></span> <span class='ocrx_word' id='word_1_444' title='bbox 486 3153 544 3202; x_wconf 80' lang='lat' dir='ltr'><strong>ille:</strong></span> <span class='ocrx_word' id='word_1_445' title='bbox 562 3151 624 3200; x_wconf 89' lang='lat' dir='ltr'><strong>belle</strong></span> <span class='ocrx_word' id='word_1_446' title='bbox 646 3151 735 3206; x_wconf 83' lang='lat' dir='ltr'><strong>iacere,</strong></span> <span class='ocrx_word' id='word_1_447' title='bbox 746 3152 811 3199; x_wconf 88' lang='lat' dir='ltr'><strong>belle</strong></span> <span class='ocrx_word' id='word_1_448' title='bbox 829 3167 926 3214; x_wconf 82' lang='lat' dir='ltr'><strong>negare,</strong></span> <span class='ocrx_word' id='word_1_449' title='bbox 938 3151 1068 3200; x_wconf 76' lang='lat' dir='ltr'><strong>bellissime</strong></span> <span class='ocrx_word' id='word_1_450' title='bbox 1079 3151 1183 3202; x_wconf 79' lang='lat' dir='ltr'><strong>scribere</strong></span> 
     </span>
     <span class='ocr_line' id='line_1_40' title="bbox 80 3214 923 3284; baseline 0.001 -17"><span class='ocrx_word' id='word_1_451' title='bbox 80 3219 136 3284; x_wconf 78' lang='grc' dir='ltr'><strong>(Ἰ.</strong></span> <span class='ocrx_word' id='word_1_452' title='bbox 144 3225 168 3270; x_wconf 86' lang='grc'><strong>6.</strong></span> <span class='ocrx_word' id='word_1_453' title='bbox 180 3220 236 3271; x_wconf 85' lang='grc'><strong>111.</strong></span> <span class='ocrx_word' id='word_1_454' title='bbox 247 3233 281 3282; x_wconf 74' lang='lat' dir='ltr'><strong>ep.</strong></span> <span class='ocrx_word' id='word_1_455' title='bbox 292 3219 356 3284; x_wconf 78' lang='grc'><strong>24),</strong></span> <span class='ocrx_word' id='word_1_456' title='bbox 368 3217 498 3266; x_wconf 85' lang='lat' dir='ltr'><strong>bellissime</strong></span> <span class='ocrx_word' id='word_1_457' title='bbox 508 3215 621 3281; x_wconf 84' lang='lat' dir='ltr'><strong>navigare</strong></span> <span class='ocrx_word' id='word_1_458' title='bbox 633 3214 687 3281; x_wconf 73' lang='lat'><strong>(⁸1.</strong></span> <span class='ocrx_word' id='word_1_459' title='bbox 698 3220 738 3265; x_wconf 88' lang='grc'><strong>16.</strong></span> <span class='ocrx_word' id='word_1_460' title='bbox 750 3217 820 3266; x_wconf 84' lang='lat' dir='ltr'><strong>Fam.</strong></span> <span class='ocrx_word' id='word_1_461' title='bbox 831 3232 867 3282; x_wconf 76' lang='lat' dir='ltr'><strong>ep.</strong></span> <span class='ocrx_word' id='word_1_462' title='bbox 876 3216 923 3281; x_wconf 87' lang='grc'><strong>9.).</strong></span> 
     </span>
    </p>
   </div>
   <div class='ocr_carea' id='block_1_11' title="bbox 459 3362 823 3522">
    <p class='ocr_par' dir='ltr' id='par_1_13' title="bbox 459 3362 823 3522">
     <span class='ocr_line' id='line_1_41' title="bbox 517 3362 730 3413; baseline -0.009 0"><span class='ocrx_word' id='word_1_463' title='bbox 517 3362 630 3413; x_wconf 82' lang='lat' dir='ltr'>CAPUT</span> <span class='ocrx_word' id='word_1_464' title='bbox 665 3362 730 3411; x_wconf 89' lang='lat' dir='ltr'><strong>XLI.</strong></span> 
     </span>
     <span class='ocr_line' id='line_1_42' title="bbox 459 3461 823 3522; baseline -0.008 0"><span class='ocrx_word' id='word_1_465' title='bbox 459 3463 508 3522; x_wconf 89' lang='lat' dir='ltr'><strong>De</strong></span> <span class='ocrx_word' id='word_1_466' title='bbox 522 3461 671 3522; x_wconf 82' lang='lat' dir='ltr'><strong>Aduerbio</strong></span> <span class='ocrx_word' id='word_1_467' title='bbox 688 3462 823 3520; x_wconf 79' lang='lat' dir='ltr'><strong>Bunvr.²</strong></span> 
     </span>
    </p>
   </div>
   <div class='ocr_carea' id='block_1_12' title="bbox 81 3570 1181 3706">
    <p class='ocr_par' dir='ltr' id='par_1_14' title="bbox 81 3570 1181 3706">
     <span class='ocr_line' id='line_1_43' title="bbox 116 3570 1181 3638; baseline -0.007 -9"><span class='ocrx_word' id='word_1_468' title='bbox 116 3584 140 3629; x_wconf 91' lang='lat'><strong>1.</strong></span> <span class='ocrx_word' id='word_1_469' title='bbox 153 3577 241 3626; x_wconf 80' lang='lat' dir='ltr'><strong>Bnevr</strong></span> <span class='ocrx_word' id='word_1_470' title='bbox 253 3577 390 3626; x_wconf 78' lang='lat' dir='ltr'><strong>adverbium</strong></span> <span class='ocrx_word' id='word_1_471' title='bbox 405 3591 433 3625; x_wconf 86' lang='lat' dir='ltr'><strong>ex</strong></span> <span class='ocrx_word' id='word_1_472' title='bbox 447 3590 477 3624; x_wconf 92' lang='lat' dir='ltr'><strong>eo</strong></span> <span class='ocrx_word' id='word_1_473' title='bbox 489 3575 577 3625; x_wconf 86' lang='lat' dir='ltr'><strong>iactum</strong></span> <span class='ocrx_word' id='word_1_474' title='bbox 587 3575 692 3636; x_wconf 83' lang='lat' dir='ltr'><strong>videtur,</strong></span> <span class='ocrx_word' id='word_1_475' title='bbox 703 3574 768 3638; x_wconf 86' lang='lat' dir='ltr'><strong>qued</strong></span> <span class='ocrx_word' id='word_1_476' title='bbox 784 3572 925 3637; x_wconf 85' lang='lat' dir='ltr'><strong>intelligitur</strong></span> <span class='ocrx_word' id='word_1_477' title='bbox 935 3570 1055 3635; x_wconf 77' lang='lat' dir='ltr'><strong>tempere³</strong></span> <span class='ocrx_word' id='word_1_478' title='bbox 1076 3576 1118 3620; x_wconf 82' lang='lat' dir='ltr'><strong>aut</strong></span> <span class='ocrx_word' id='word_1_479' title='bbox 1127 3583 1181 3622; x_wconf 72' lang='lat' dir='ltr'><strong>m·</strong></span> 
     </span>
     <span class='ocr_line' id='line_1_44' title="bbox 81 3635 1181 3706; baseline -0.006 -12"><span class='ocrx_word' id='word_1_480' title='bbox 81 3643 155 3694; x_wconf 78' lang='lat' dir='ltr'><strong>tiene.</strong></span> <span class='ocrx_word' id='word_1_481' title='bbox 200 3642 299 3706; x_wconf 84' lang='lat' dir='ltr'><strong>Duplex</strong></span> <span class='ocrx_word' id='word_1_482' title='bbox 313 3641 370 3690; x_wconf 89' lang='lat' dir='ltr'><strong>inde</strong></span> <span class='ocrx_word' id='word_1_483' title='bbox 387 3641 438 3706; x_wconf 90' lang='lat' dir='ltr'><strong>ejus</strong></span> <span class='ocrx_word' id='word_1_484' title='bbox 454 3640 597 3704; x_wconf 80' lang='lat' dir='ltr'><strong>significatio</strong></span> <span class='ocrx_word' id='word_1_485' title='bbox 616 3653 720 3702; x_wconf 84' lang='lat' dir='ltr'><strong>ususque</strong></span> <span class='ocrx_word' id='word_1_486' title='bbox 739 3639 854 3688; x_wconf 85' lang='lat' dir='ltr'><strong>manavit.</strong></span> <span class='ocrx_word' id='word_1_487' title='bbox 895 3635 1021 3685; x_wconf 84' lang='lat' dir='ltr'><strong>interdum</strong></span> <span class='ocrx_word' id='word_1_488' title='bbox 1035 3636 1099 3684; x_wconf 87' lang='lat' dir='ltr'><strong>enim</strong></span> <span class='ocrx_word' id='word_1_489' title='bbox 1113 3637 1181 3687; x_wconf 76' lang='lat' dir='ltr'><strong>brevi</strong></span> 
     </span>
    </p>
   </div>
   <div class='ocr_carea' id='block_1_13' title="bbox 74 3828 1197 4362">
    <p class='ocr_par' dir='ltr' id='par_1_15' title="bbox 74 3828 1197 4362">
     <span class='ocr_line' id='line_1_45' title="bbox 86 3828 1179 3907; baseline -0.003 -24"><span class='ocrx_word' id='word_1_490' title='bbox 86 3876 90 3883; x_wconf 93' lang='lat'><strong>.</strong></span> <span class='ocrx_word' id='word_1_491' title='bbox 115 3835 136 3898; x_wconf 89' lang='lat'><strong>[¹</strong></span> <span class='ocrx_word' id='word_1_492' title='bbox 148 3836 219 3884; x_wconf 88' lang='lat' dir='ltr'><strong>Hanc</strong></span> <span class='ocrx_word' id='word_1_493' title='bbox 230 3845 272 3885; x_wconf 86' lang='lat' dir='ltr'><strong>aut</strong></span> <span class='ocrx_word' id='word_1_494' title='bbox 284 3837 387 3885; x_wconf 87' lang='lat' dir='ltr'><strong>similem</strong></span> <span class='ocrx_word' id='word_1_495' title='bbox 400 3835 544 3899; x_wconf 80' lang='lat' dir='ltr'><strong>perticulam</strong></span> <span class='ocrx_word' id='word_1_496' title='bbox 557 3835 667 3884; x_wconf 86' lang='lat' dir='ltr'><strong>omissam</strong></span> <span class='ocrx_word' id='word_1_497' title='bbox 677 3851 737 3892; x_wconf 80' lang='lat' dir='ltr'><strong>esse,</strong></span> <span class='ocrx_word' id='word_1_498' title='bbox 751 3843 849 3899; x_wconf 89' lang='lat' dir='ltr'><strong>apparet</strong></span> <span class='ocrx_word' id='word_1_499' title='bbox 859 3829 934 3881; x_wconf 87' lang='lat' dir='ltr'><strong>etiam</strong></span> <span class='ocrx_word' id='word_1_500' title='bbox 948 3845 980 3878; x_wconf 87' lang='lat' dir='ltr'><strong>ex</strong></span> <span class='ocrx_word' id='word_1_501' title='bbox 991 3828 1078 3878; x_wconf 81' lang='lat' dir='ltr'><strong>Graeca</strong></span> <span class='ocrx_word' id='word_1_502' title='bbox 1088 3829 1179 3907; x_wconf 80' lang='lat' dir='ltr'><strong>lingua.</strong></span> 
     </span>
     <span class='ocr_line' id='line_1_46' title="bbox 81 3895 1180 4030; baseline -0.001 -83"><span class='ocrx_word' id='word_1_503' title='bbox 81 3900 147 3976; x_wconf 54' lang='lat' dir='ltr'><strong>Vide</strong></span> <span class='ocrx_word' id='word_1_504' title='bbox 160 3902 433 4030; x_wconf 51' lang='lat' dir='ltr'><strong>ggggtileg,eln{t.hcnobj</strong></span> <span class='ocrx_word' id='word_1_505' title='bbox 444 3908 545 3948; x_wconf 88' lang='lat' dir='ltr'><strong>extrem.</strong></span> <span class='ocrx_word' id='word_1_506' title='bbox 557 3909 583 3947; x_wconf 88' lang='lat' dir='ltr'><strong>et</strong></span> <span class='ocrx_word' id='word_1_507' title='bbox 597 3916 620 3950; x_wconf 87' lang='lat' dir='ltr'><strong>c.</strong></span> <span class='ocrx_word' id='word_1_508' title='bbox 632 3907 656 3950; x_wconf 89' lang='grc'><strong>4.</strong></span> <span class='ocrx_word' id='word_1_509' title='bbox 671 3902 685 3965; x_wconf 63' lang='lat' dir='ltr'><strong>i</strong></span> <span class='ocrx_word' id='word_1_510' title='bbox 697 3906 737 3950; x_wconf 88' lang='grc'><strong>28.</strong></span> <span class='ocrx_word' id='word_1_511' title='bbox 747 3911 774 3948; x_wconf 90' lang='lat' dir='ltr'><strong>et</strong></span> <span class='ocrx_word' id='word_1_512' title='bbox 784 3900 876 3949; x_wconf 82' lang='lat' dir='ltr'><strong>AElien.</strong></span> <span class='ocrx_word' id='word_1_513' title='bbox 886 3897 903 3944; x_wconf 92' lang='lat' dir='ltr'><strong>l.</strong></span> <span class='ocrx_word' id='word_1_514' title='bbox 915 3901 939 3946; x_wconf 89' lang='grc'><strong>9.</strong></span> <span class='ocrx_word' id='word_1_515' title='bbox 951 3912 973 3944; x_wconf 87' lang='lat' dir='ltr'><strong>c.</strong></span> <span class='ocrx_word' id='word_1_516' title='bbox 985 3900 1010 3945; x_wconf 92' lang='grc'><strong>4.</strong></span> <span class='ocrx_word' id='word_1_517' title='bbox 1045 3895 1180 3946; x_wconf 61' lang='lat' dir='ltr'><strong>,remeato</strong></span> 
     </span>
     <span class='ocr_line' id='line_1_47' title="bbox 78 3981 1179 4107; baseline -0.004 -29"><span class='ocrx_word' id='word_1_518' title='bbox 78 3981 304 4107; x_wconf 51' lang='lat' dir='ltr'><strong>Janffsildverbium</strong></span> <span class='ocrx_word' id='word_1_519' title='bbox 318 4031 359 4079; x_wconf 88' lang='lat' dir='ltr'><strong>hic</strong></span> <span class='ocrx_word' id='word_1_520' title='bbox 378 4001 501 4094; x_wconf 62' lang='lat' dir='ltr'><strong>apnellare</strong></span> <span class='ocrx_word' id='word_1_521' title='bbox 518 4030 614 4078; x_wconf 88' lang='lat' dir='ltr'><strong>videtur</strong></span> <span class='ocrx_word' id='word_1_522' title='bbox 630 4036 708 4090; x_wconf 84' lang='lat' dir='ltr'><strong>antor,</strong></span> <span class='ocrx_word' id='word_1_523' title='bbox 725 4027 839 4093; x_wconf 87' lang='lat' dir='ltr'><strong>quicquid</strong></span> <span class='ocrx_word' id='word_1_524' title='bbox 856 4041 900 4091; x_wconf 87' lang='lat' dir='ltr'><strong>per</strong></span> <span class='ocrx_word' id='word_1_525' title='bbox 911 4024 1049 4074; x_wconf 86' lang='lat' dir='ltr'><strong>adverbium</strong></span> <span class='ocrx_word' id='word_1_526' title='bbox 1060 4024 1179 4088; x_wconf 75' lang='lat' dir='ltr'><strong>quoddam</strong></span> 
     </span>
     <span class='ocr_line' id='line_1_48' title="bbox 78 4095 1178 4224; baseline -0.007 -15"><span class='ocrx_word' id='word_1_527' title='bbox 78 4095 313 4209; x_wconf 58' lang='lat' dir='ltr'><strong>versulinietiiti]entit</strong></span> <span class='ocrx_word' id='word_1_528' title='bbox 324 4161 409 4208; x_wconf 79' lang='lat' dir='ltr'><strong>Autor.</strong></span> <span class='ocrx_word' id='word_1_529' title='bbox 432 4160 497 4208; x_wconf 85' lang='lat' dir='ltr'><strong>Nam</strong></span> <span class='ocrx_word' id='word_1_530' title='bbox 510 4175 575 4224; x_wconf 79' lang='lat' dir='ltr'><strong>saepe</strong></span> <span class='ocrx_word' id='word_1_531' title='bbox 591 4159 716 4223; x_wconf 84' lang='lat' dir='ltr'><strong>apponitur</strong></span> <span class='ocrx_word' id='word_1_532' title='bbox 730 4164 833 4221; x_wconf 80' lang='lat' dir='ltr'><strong>tempore</strong></span> <span class='ocrx_word' id='word_1_533' title='bbox 842 4154 879 4203; x_wconf 90' lang='lat' dir='ltr'><strong>uti</strong></span> <span class='ocrx_word' id='word_1_534' title='bbox 893 4155 917 4202; x_wconf 85' lang='lat' dir='ltr'><strong>in</strong></span> <span class='ocrx_word' id='word_1_535' title='bbox 929 4156 947 4201; x_wconf 92' lang='lat' dir='ltr'><strong>l.</strong></span> <span class='ocrx_word' id='word_1_536' title='bbox 958 4159 982 4203; x_wconf 84' lang='lat' dir='ltr'><strong>t.</strong></span> <span class='ocrx_word' id='word_1_537' title='bbox 994 4155 1064 4204; x_wconf 82' lang='lat' dir='ltr'><strong>Fam.</strong></span> <span class='ocrx_word' id='word_1_538' title='bbox 1076 4169 1111 4217; x_wconf 74' lang='grc' dir='ltr'><strong>φ.</strong></span> <span class='ocrx_word' id='word_1_539' title='bbox 1123 4154 1178 4204; x_wconf 85' lang='grc'><strong>61.</strong></span> 
     </span>
     <span class='ocr_line' id='line_1_49' title="bbox 80 4217 1191 4297; baseline -0.007 -23"><span class='ocrx_word' id='word_1_540' title='bbox 80 4230 107 4274; x_wconf 78' lang='grc' dir='ltr'><strong>ὅ.</strong></span> <span class='ocrx_word' id='word_1_541' title='bbox 117 4242 153 4288; x_wconf 79' lang='lat' dir='ltr'><strong>ep.</strong></span> <span class='ocrx_word' id='word_1_542' title='bbox 165 4230 207 4274; x_wconf 85' lang='grc'><strong>21.</strong></span> <span class='ocrx_word' id='word_1_543' title='bbox 220 4226 268 4273; x_wconf 86' lang='lat' dir='ltr'><strong>etl.</strong></span> <span class='ocrx_word' id='word_1_544' title='bbox 277 4231 299 4274; x_wconf 84' lang='grc'><strong>7.</strong></span> <span class='ocrx_word' id='word_1_545' title='bbox 309 4241 344 4287; x_wconf 79' lang='lat' dir='ltr'><strong>ep.</strong></span> <span class='ocrx_word' id='word_1_546' title='bbox 356 4230 379 4273; x_wconf 81' lang='lat'><strong>3.</strong></span> <span class='ocrx_word' id='word_1_547' title='bbox 391 4225 509 4291; x_wconf 78' lang='lat' dir='ltr'><strong>Exempla</strong></span> <span class='ocrx_word' id='word_1_548' title='bbox 517 4242 574 4274; x_wconf 84' lang='lat' dir='ltr'><strong>vere</strong></span> <span class='ocrx_word' id='word_1_549' title='bbox 584 4224 686 4274; x_wconf 83' lang='lat' dir='ltr'><strong>Antoris</strong></span> <span class='ocrx_word' id='word_1_550' title='bbox 695 4220 981 4280; x_wconf 79' lang='lat' dir='ltr'><strong>satisostendunt.bteni</strong></span> <span class='ocrx_word' id='word_1_551' title='bbox 988 4219 1112 4296; x_wconf 71' lang='lat' dir='ltr'><strong>deluture</strong></span> <span class='ocrx_word' id='word_1_552' title='bbox 1117 4217 1191 4297; x_wconf 49' lang='lat' dir='ltr'><strong>Qida</strong></span> 
     </span>
     <span class='ocr_line' id='line_1_50' title="bbox 74 4285 1197 4362; baseline 0.001 -28"><span class='ocrx_word' id='word_1_553' title='bbox 74 4291 146 4334; x_wconf 78' lang='lat' dir='ltr'><strong>etiam</strong></span> <span class='ocrx_word' id='word_1_554' title='bbox 160 4290 211 4335; x_wconf 74' lang='lat' dir='ltr'><strong>Cic.</strong></span> <span class='ocrx_word' id='word_1_555' title='bbox 224 4303 273 4350; x_wconf 78' lang='lat' dir='ltr'><strong>pm</strong></span> <span class='ocrx_word' id='word_1_556' title='bbox 282 4289 392 4339; x_wconf 78' lang='lat' dir='ltr'><strong>Marcell</strong></span> <span class='ocrx_word' id='word_1_557' title='bbox 409 4307 432 4340; x_wconf 91' lang='lat' dir='ltr'><strong>c.</strong></span> <span class='ocrx_word' id='word_1_558' title='bbox 445 4295 470 4342; x_wconf 87' lang='grc'><strong>3.</strong></span> <span class='ocrx_word' id='word_1_559' title='bbox 482 4293 570 4361; x_wconf 71' lang='lat' dir='ltr'><strong>extr),</strong></span> <span class='ocrx_word' id='word_1_560' title='bbox 583 4292 615 4344; x_wconf 88' lang='lat' dir='ltr'><strong>de</strong></span> <span class='ocrx_word' id='word_1_561' title='bbox 630 4293 765 4361; x_wconf 76' lang='lat' dir='ltr'><strong>preterito,</strong></span> <span class='ocrx_word' id='word_1_562' title='bbox 774 4302 802 4345; x_wconf 89' lang='lat' dir='ltr'><strong>et</strong></span> <span class='ocrx_word' id='word_1_563' title='bbox 809 4290 931 4362; x_wconf 71' lang='lat' dir='ltr'><strong>presenti</strong></span> <span class='ocrx_word' id='word_1_564' title='bbox 939 4296 1057 4357; x_wconf 67' lang='lat' dir='ltr'><strong>temnere.</strong></span> <span class='ocrx_word' id='word_1_565' title='bbox 1064 4285 1127 4336; x_wconf 70' lang='lat' dir='ltr'><strong>diet.</strong></span> <span class='ocrx_word' id='word_1_566' title='bbox 1195 4323 1197 4326; x_wconf 84' lang='grc'>-</span> 
     </span>
    </p>
   </div>
   <div class='ocr_carea' id='block_1_14' title="bbox 0 0 1340 4636">
    <p class='ocr_par' dir='ltr' id='par_1_16' title="bbox 0 0 1340 4636">
     <span class='ocr_line' id='line_1_51' title="bbox 0 0 1340 4636; baseline 0 5"><span class='ocrx_word' id='word_1_567' title='bbox 0 0 1340 4636; x_wconf 95' lang='lat' dir='ltr'><strong> </strong></span> 
     </span>
    </p>
   </div>
  </div>
 </body>
</html>
