2670 4636
105 295 169 357 426
417 287 589 355 1101161111
621 285 865 350 ‘russanum
991 292 1212 374 [6666616666

106 437 204 554 66154766
214 438 274 488 inte
284 442 332 486 est.
362 434 453 486 'Adrt
474 437 570 487 166664.
589 435 700 485 Benaci.
715 437 741 486 2.
752 438 778 486 8.
796 433 1211 488 646.9.16’6.1.666.2.641.42.

108 519 131 554 c.
174 535 182 552 .
1080 537 1082 543 ,

512 597 528 628 ⁶
538 602 579 648 24.
599 597 812 660 Ubicunque-ili.

143 681 197 732 116.
213 681 231 729 Ι.
243 685 266 729 6.
282 695 304 728 6.
315 682 355 728 86.
366 685 426 729 extr.
442 679 585 744 Ubicunque
594 679 712 728 Patricius
722 678 822 734 habitat,
834 679 869 726 ibi
880 694 958 728 carcer
967 679 1078 742 privatus
1095 683 1143 725 est.
1175 675 1211 725 Id.

109 746 129 795 l.
141 750 181 796 89.
191 763 213 795 6.
226 748 266 793 16.
281 744 386 808 Majores
395 744 477 801 vestri,
488 745 623 808 ubicunque
638 744 766 792 multitudo
782 753 855 801 esset,
870 744 905 793 ibi
915 752 941 793 et
950 744 1089 808 legitimum
1097 749 1211 792 rectorem

110 810 274 860 multitudinis
285 811 415 858 comebant
423 808 511 857 debere
522 824 584 859 esse.

155 945 158 951 .
380 905 435 970 (26.
454 905 590 969 Ubicunque
600 906 672 954 etiam
682 904 779 969 ponitur
790 920 832 969 pro
842 905 934 969 ubique.

143 986 192 1037 Sed
202 987 333 1049 onusque
343 1001 392 1034 non
406 1001 501 1049 semper
510 994 547 1036 est
558 1002 700 1049 quocunque
711 986 738 1034 in
750 985 812 1043 loco,
822 986 866 1034 sed
876 986 996 1035 interdum
1010 993 1048 1035 est
1064 1000 1109 1050 pro
1123 984 1208 1046 onon,

112 1052 149 1102 ita
163 1061 190 1100 nt
199 1067 247 1099 non
283 1051 340 1098 ossis
356 1051 505 1114 interpretari
522 1068 567 1115 per
583 1067 716 1114 quocunque
733 1051 758 1099 in
774 1053 831 1106 loco,
847 1053 889 1099 sed
908 1052 1014 1102 omnibus
1024 1052 1053 1100 itt
1062 1050 1138 1099 locis:
1155 1049 1207 1095 utin

110 1116 154 1165 illo
167 1117 240 1165 Ouid.
276 1131 333 1165 mor.
345 1115 361 1163 1.
373 1120 397 1164 8.
408 1118 438 1165 61.
452 1119 489 1163 1⁰.
498 1132 520 1164 v.
532 1122 557 1166 6.
573 1116 617 1174 Te,
625 1116 688 1182 Dea,
697 1115 833 1165 munificam
841 1125 925 1180 gentes
932 1116 1071 1181 ubicunque
1080 1116 1208 1179 loquuntur.

113 1180 155 1231 ubi
164 1181 269 1230 videnda
279 1181 416 1230 Burmanni
428 1179 507 1243 nota.)

512 1356 624 1408 CAPUT
652 1356 812 1408 cclxxm.

489 1492 538 1552 De
554 1489 768 1570 Conjrrnotione
781 1490 840 1551 Vn.

446 1625 470 1670 1.
491 1619 527 1670 Vr
537 1619 611 1666 semel
622 1619 725 1684 positum
733 1619 883 1683 plerumque.

149 1703 203 1752 ls‘o.
214 1702 232 1751 l.
243 1707 268 1752 8.
279 1719 302 1752 c.
312 1705 352 1751 41.
372 1700 486 1759 Quintius
504 1701 581 1748 oravit
594 1701 660 1749 bona
674 1700 745 1749 venia
762 1700 878 1759 Quirites,
898 1715 932 1747 ne
948 1699 1004 1762 quis
1019 1714 1076 1748 eam
1091 1715 1142 1748 rem
1159 1698 1208 1763 joco

117 1768 209 1816 seriore
226 1768 338 1831 cuiquam
355 1767 516 1830 exprobraret.
551 1765 591 1814 ld.
602 1767 620 1814 l.
632 1771 672 1815 46.
683 1782 705 1815 6.
717 1770 758 1814 26.
783 1765 937 1812 Infestissimi
956 1764 1065 1813 Rhodiis
1083 1773 1158 1822 erant,
1175 1763 1210 1829 qui

116 1833 226 1880 consules
237 1842 379 1897 pretoresvs
390 1840 433 1879 aut
442 1831 517 1894 legati
526 1838 649 1892 gesserant
659 1832 684 1878 in
695 1829 839 1880 Macedonia
848 1829 946 1880 bellum.

429 1933 454 1977 2.
476 1928 569 1978 Ve-ne
579 1929 733 1991 geminatum,
745 1943 788 1991 pro
799 1929 844 1992 661,
855 1929 901 1978 661.

153 2011 229 2062 Varro
240 2013 257 2060 l.
271 2017 293 2060 1.
310 2012 344 2060 R.
355 2011 389 2059 R.
406 2026 428 2060 6.
438 2014 480 2060 44.
491 2016 553 2057 extr.
580 2009 607 2056 Si
622 2010 703 2057 florem
720 2009 859 2057 acerbumve
876 2009 964 2072 pirum,
985 2008 1083 2056 aliudve
1103 2009 1159 2072 quid
1175 2007 1212 2054 de-

118 2077 243 2139 cerpseris,
253 2077 280 2124 in
293 2076 378 2123 eodem
393 2075 453 2132 loco,
469 2075 553 2122 eodem
568 2089 639 2131 anno,
656 2074 717 2122 nihil
729 2074 866 2123 renascitur.
902 2075 974 2122 Orn'd.
983 2073 1001 2121 l.
1012 2078 1038 2123 4.
1049 2075 1119 2123 Fort.
1135 2072 1214 2122 Gratis

118 2140 242 2193 Pieridum
251 2141 319 2190 nobis
329 2140 451 2205 aequaliter
460 2139 524 2187 adsit
535 2156 541 2186 :
559 2139 682 2202 Nullaque
690 2140 799 2186 laudetur
806 2140 891 2202 plusve
902 2139 1010 2187 minuere
1021 2139 1090 2188 mihi.

521 2315 634 2366 CAPUT
662 2316 821 2368 ccnxxlv.

429 2435 478 2494 De
492 2431 641 2493 Aduerbio
655 2433 903 2494 Vannunnrnn.

152 2564 338 2615 Vennunnrnn
350 2563 414 2611 belle
424 2562 511 2611 dicitur
518 2564 549 2612 de
558 2564 629 2611 rebus
639 2563 754 2627 impetum
765 2563 926 2628 arguentibus.

154 2629 275 2679 Interdum
286 2628 316 2677 de
327 2628 387 2676 aliis.
421 2630 473 2678 Cic.
480 2644 525 2692 pro
538 2630 633 2677 Cluent.
644 2645 665 2677 6.
677 2633 717 2679 24.
734 2630 794 2686 Quae
804 2636 861 2676 sunt
869 2625 950 2692 gravia
958 2626 1124 2675 vehementer.

524 2822 636 2874 CAPUT
662 2823 806 2874 CCLXXV.

482 2940 531 2999 De
547 2939 760 3018 Conjnnotr‘one
775 2939 854 2998 Vsu.

385 3073 409 3119 l.
431 3068 474 3118 Vel
483 3083 527 3132 pro
537 3074 579 3119 ant
590 3071 664 3119 semel
675 3070 741 3132 poni,
752 3069 892 3118 tralatitium
902 3077 948 3116 est.

466 3182 481 3213 ³
489 3187 514 3232 2.
533 3182 577 3233 Vel
586 3184 670 3240 dicum,
682 3182 872 3232 incorrectione.

156 3275 208 3323 Cic.
218 3279 234 3324 2
245 3274 353 3339 Philipp.
362 3291 385 3324 c.
396 3277 435 3324 12.
452 3275 499 3323 Sed
511 3281 633 3338 stuporem
643 3276 754 3332 hominis.
772 3279 812 3325 vel
830 3277 915 3333 dicam,
924 3273 1035 3339 pecudis,
1044 3274 1174 3324 attendite.

340 3371 353 3400 ⁸
365 3376 389 3420 3.
411 3373 455 3422 Vel
464 3377 505 3421 aul
517 3372 635 3436 rarissime
646 3374 796 3439 conjungitur
808 3390 849 3439 pro
859 3370 995 3424 661--66116

159 3453 230 3504 Varr.
241 3453 257 3501 l.
269 3459 292 3502 1.
301 3453 334 3502 R.
346 3454 379 3502 R.
390 3469 411 3501 c.
422 3457 446 3502 1.
468 3454 579 3516 Sequitur
593 3454 722 3502 secundum
733 3455 804 3512 illud,
822 3456 887 3519 quali
903 3461 967 3503 terra
977 3455 1056 3503 solum
1073 3453 1107 3502 sit
1116 3451 1191 3509 fundi,
1206 3465 1219 3499 a

122 3533 170 3583 qua
177 3526 245 3583 parte
253 3520 291 3566 vel
301 3519 402 3567 maxime
412 3519 496 3575 bonus,
508 3528 549 3566 aut
559 3534 608 3567 non
617 3519 694 3582 bonus
704 3521 843 3585 appelletur.

593 3618 608 3647 ⁸
618 3622 643 3668 4.
664 3617 786 3667 Volcente.

156 3699 301 3749 Colurnsll-l.
313 3702 336 3747 3.
347 3701 415 3747 c.19.
430 3697 520 3747 Verum
528 3706 607 3747 tamen
617 3706 713 3762 praestnt
720 3698 807 3759 eligere
815 3689 901 3745 sationi
911 3696 1005 3745 silentis
1012 3696 1051 3744 vel
1059 3703 1125 3745 certe
1136 3695 1221 3761 placidi

121 3763 220 3828 spiritus
236 3764 310 3811 diem.
331 3764 440 3813 'Panno
463 3764 579 3814 Febrrmr·
594 3764 633 3810 tit.
651 3768 691 3813 14.
707 3762 771 3809 Mihi
790 3761 850 3810 illud
869 3763 927 3809 utile
948 3762 1052 3818 videtur,
1070 3767 1099 3810 ut
1118 3760 1225 3826 asparagi

15 3828 18 3836 “
119 3830 221 3891 agrestis
237 3827 331 3876 radices
343 3828 491 3890 plurimasln
502 3844 578 3877 unum
587 3829 668 3876 locum
678 3842 834 3891 congeramus
852 3827 950 3884 cultum,
966 3827 1006 3874 vel
1021 3834 1088 3875 certe
1106 3841 1222 3876 saxosum.

122 3895 316 3944 06161163.
334 3893 413 3956 Aqua,
431 3895 470 3941 vel
481 3901 546 3942 certe
560 3894 637 3940 diluta
655 3893 762 3958 potione,
779 3884 905 3941 contentos
919 3907 972 3940 esse
983 3899 1089 3955 oportet.
1123 3893 1164 3942 Id.
1175 3893 1223 3941 18.

120 3974 142 4007 6.
154 3961 179 4008 6.
195 3964 255 4006 extr.
285 3958 360 4006 Cibus
374 3957 408 4005 his
419 3959 471 4006 dari
485 3959 558 4006 debet
572 3959 656 4006 valens
664 3973 671 4016 ;
691 3957 774 4005 vinnm
788 3973 898 4022 asperum
916 3957 953 4004 rel
967 3962 1031 4006 certe
1049 3958 1222 4007 subausterum.

121 4020 189 4072 Add.
200 4023 239 4070 Id.
254 4022 272 4068 l.
283 4026 307 4071 4.
320 4038 342 4070 6.
352 4027 375 4070 2.
392 4023 490 4073 Sueton.
503 4025 583 4074 liber.
594 4040 617 4071 c.
628 4027 669 4072 26.

156 4261 176 4294 ¹⁶
190 4261 275 4310 Potest
282 4261 353 4308 etiam
367 4264 411 4310 hoo
423 4263 501 4325 ipsum
512 4264 657 4324 exemplum,
667 4264 732 4326 quod
741 4264 888 4330 subjicimur,
900 4264 971 4314 alitor
988 4265 1115 4314 declarari.
1138 4266 1226 4332 (immo

122 4324 202 4376 debet.
236 4326 301 4374 Nam
312 4328 348 4375 661
356 4330 460 4376 momnis
470 4335 508 4374 est
517 4329 541 4374 h.
553 4329 568 4374 l.
581 4329 714 4394 inprimis.)
