2670 4636
115 274 219 352 urus]
469 276 527 337 Dli
554 274 888 339 Pta'ucuttscra·
1160 278 1223 340 449

433 423 842 473 ‘·o.Urss-stter-tsrtirrr.¹
921 429 974 469 ·ἰ.“
1036 446 1039 451 ·

146 502 210 550 Cum
226 514 266 550 ros
283 500 363 566 plures
380 501 473 563 duabus
488 511 651 560 numerantur,
668 502 770 551 dicimus
788 517 858 559 anus,
876 503 947 568 ulter,
966 503 1062 553 terties.
1097 504 1150 555 cte.
1162 503 1180 552 Ι.
1192 507 1218 554 1.

114 567 193 616 Acuti.
205 582 227 617 c.
240 571 263 615 4.
294 567 350 615 Fuit
368 584 426 632 ergo
439 568 491 633 jam
504 576 603 631 accepta
619 584 633 616 a
649 568 750 616 Platone
768 568 956 631 philosophandi
972 569 1033 617 ratio
1051 568 1151 632 triplex:
1169 584 1218 618 una

114 633 146 678 de
165 633 214 679 rita
231 643 256 680 et
267 632 390 691 moribus;
405 634 480 682 altera
499 637 530 682 da
548 641 640 689 natura,
660 640 687 680 at
701 635 773 683 rebus
791 635 910 693 occultis;
934 635 1006 682 tertis
1021 634 1052 681 rle
1070 634 1219 684 disserendo.

116 697 154 746 14.
163 712 206 759 pro
217 699 391 747 0144174464.
407 700 496 757 Unum,
506 700 616 758 alterum,
625 698 722 746 tertium
733 714 821 746 annum
831 699 912 748 sissia
922 699 1069 762 quiescebat.
1085 702 1221 751 mount-

112 763 217 822 nothing
227 764 271 823 sor
288 777 339 820 utre,
363 769 419 820 two,
439 780 466 813 or
479 765 547 814 tlree
563 777 651 827 μεως
672 765 793 813 remained
809 765 914 812 intortius
925 765 970 824 sor
984 765 1144 828 tbreeyears.
1161 760 1221 819 vid:

112 841 158 889 pro
169 828 252 876 Fbrcc.
271 843 293 875 c.
303 832 345 877 27.
370 829 428 876 Tria
446 829 587 878 Graecorum
603 842 693 893 genera
708 835 774 885 sunt,
792 842 892 891 quorum
906 828 949 877 uni
966 842 1024 877 sunt
1043 828 1216 895 Athenienses,

114 892 201 940 AEoles
212 893 290 950 alteri,
303 893 381 941 Dores
390 894 457 942 tertii
467 893 659 944 nominabantur.
879 918 883 925 ·
1164 906 1167 911 ·

462 982 465 989 ’
507 997 532 1042 7.
553 964 843 1056 Uarr-aiter-plures.

145 1069 271 1119 Interdum
282 1087 325 1134 pro
336 1073 422 1122 tertius
432 1074 556 1136 reponitur
565 1073 654 1136 plures,
666 1081 707 1120 ent
717 1072 808 1136 aliquid
819 1071 946 1136 ejusmodi.
966 1072 1019 1122 Cir.
1031 1077 1047 1123 4
1060 1072 1129 1124 Vcrr.
1141 1091 1163 1124 c.
1175 1076 1217 1125 49.

114 1134 168 1182 Iler
189 1136 265 1198 primo
278 1137 341 1185 nihil
358 1147 475 1194 metuere,
485 1138 552 1185 'nihil
568 1139 682 1200 suspicari
691 1155 698 1199 ;
715 1138 768 1186 dies
785 1153 855 1203 unns,
872 1139 941 1202 alter,
955 1139 1050 1201 plures3
1066 1153 1115 1187 non
1127 1140 1219 1189 referri.

111 1216 163 1256 orrc,
175 1206 231 1258 troo,
243 1203 309 1252 three
326 1205 387 1266 days
397 1206 491 1266 elapsrd
497 1220 508 1260 ,·
524 1206 605 1252 itwos
616 1209 657 1253 not
666 1203 769 1265 brought
780 1203 847 1253 bork.
866 1204 904 1254 14.
916 1207 931 1251 5
952 1204 1021 1253 Verr.
1037 1221 1059 1253 c.
1070 1207 1110 1255 29.
1129 1204 1219 1262 Unnru,

113 1266 216 1378 allterum
229 1282 346 1324 mansam,
356 1283 431 1334 prope
442 1284 530 1318 annum
542 1268 609 1316 dorni
619 1275 668 1315 tute
679 1269 763 1331 pirata)
775 1269 880 1317 inerunt.
896 1283 940 1319 sne
949 1271 998 1321 aad
1008 1270 1108 1321 another
1116 1271 1218 1329 months

114 1347 130 1378 o
140 1338 200 1380 most
211 1348 226 1381 a
236 1347 303 1397 pror.

430 1448 478 1494 1Β.
494 1438 918 1511 Unus-'otter-rerttus-quartus.

149 1524 201 1572 Cic.
212 1524 230 1572 l.
244 1529 266 1573 1.
277 1527 306 1575 de
320 1526 373 1591 Off.
384 1543 406 1575 c.
414 1531 456 1578 ts.
473 1526 560 1576 Omnis
576 1530 688 1577 honestus
704 1537 786 1577 manat
797 1543 812 1575 a
822 1527 1046 1591 partibusquatuor,
1056 1543 1156 1592 quarum
1169 1543 1218 1579 una

110 1588 146 1637 sit
162 1590 312 1652 cognitionis,
329 1594 405 1641 altera
417 1594 604 1651 communitatis,
621 1593 693 1642 tertia
708 1592 919 1656 magnanimitatis,
937 1602 1023 1657 quarta
1038 1593 1218 1645 moderationis.

113 1654 363 1707 [tremuerant.
380 1656 488 1714 Quatuor
504 1673 587 1707 musas
601 1658 704 1722 reperio,
715 1674 757 1706 cur
768 1667 879 1707 senectus
897 1660 984 1707 mirera
993 1658 1118 1708 videatur:
1135 1674 1217 1716 unam,

113 1718 179 1780 qnod
197 1729 282 1768 avocet
296 1737 312 1770 4
329 1723 402 1770 rebus
411 1722 536 1785 gerandis3
554 1724 662 1781 alteram,
680 1723 745 1785 quod
762 1738 848 1787 corpus
866 1723 940 1773 faeiat
956 1724 1092 1784 infirmum
1112 1723 1216 1782 tertiam,

112 1784 179 1844 quod
189 1784 268 1846 privet
284 1788 395 1835 omnibus
405 1788 456 1835 isra
468 1788 645 1851 voluptatibus3
662 1797 777 1851 quartem,
788 1789 851 1852 qnod
862 1789 929 1837 haud
939 1789 1024 1853 procul
1034 1789 1122 1839 absita
1134 1797 1217 1839 mona

112 1847 181 1898 Add.
192 1851 231 1899 Ι4.
243 1851 345 1902 114444
357 1855 405 1909 Qu·
417 1869 441 1902 c.
449 1858 474 1904 9.
494 1853 563 1916 Saepe
574 1853 669 1904 arcein
678 1854 785 1917 quintus,
796 1864 879 1902 saxors
889 1860 935 1905 oet.
963 1853 1022 1903 Vid.
1035 1855 1088 1905 Cir.
1096 1854 1116 1902 1.
1125 1857 1150 1904 2.
1160 1854 1216 1909 Art.

78 1915 81 1919 ’
114 1927 152 1976 ep.
165 1917 189 1962 l.
668 1960 671 1965 .
737 1962 741 1969 .
1039 1965 1043 1973 .

440 2017 490 2066 *9.
511 2003 782 2066 Unus-deirrdr—trurr
791 2015 904 2066 deindo·
926 2011 930 2033 ³
975 2027 978 2033 '

149 2091 201 2140 cte.
211 2094 240 2142 de
252 2095 352 2158 Republ.
362 2096 380 2144 l.
389 2099 414 2145 6.
424 2112 446 2144 c.
457 2100 481 2145 4.
506 2096 545 2144 Ex
556 2097 642 2160 quibus
652 2097 756 2160 (stellis)
767 2112 839 2145 unum
851 2096 947 2160 globum
964 2088 1072 2160 possidet
1081 2095 1133 2155 illa,
1143 2094 1214 2160 qussi

111 2154 137 2202 in
147 2157 215 2205 terris
222 2159 357 2208 Saturniam
365 2162 497 2209 nominarit.
524 2162 621 2210 Deinde
636 2161 807 2211 est'horninuur
814 2161 897 2225 generi
906 2176 1005 2226 prosper
1015 2171 1040 2210 et
1050 2161 1162 2211 salumn-ir
1172 2163 1216 2212 ille

111 2220 198 2284 fulgor,
210 2223 252 2286 qui
270 2224 358 2273 dicitur
369 2226 447 2289 quis.
479 2226 543 2275 Tum
559 2226 645 2275 rutilus
659 2227 825 2290 horribilisque
837 2227 915 2287 terris,
926 2241 998 2298 quem
1007 2228 1115 2297 Martem
1125 2226 1215 2278 dicitis.

112 2284 211 2336 Deinde
222 2289 304 2339 subter
315 2290 423 2355 mediam
437 2291 489 2341 iera
503 2291 626 2356 regionem
639 2291 793 2341 Solobtinet.
846 2354 849 2359 Ι
898 2290 928 2361 ,J
1160 2296 1163 2301 '

514 2385 530 2415 '⁵
541 2390 581 2435 10.
601 2385 726 2449 vaurpun
740 2386 834 2436 14441·
897 2398 901 2417 ·
928 2412 933 2427 ι

148 2460 226 2513 Cios
240 2464 312 2514 Catii.
322 2481 344 2514 c.
357 2471 397 2515 11.
422 2467 478 2516 Uno
494 2473 602 2532 ternpore
622 2468 649 2521 iu
669 2468 713 2515 hac
732 2468 824 2531 republ.
843 2465 975 2535 duocires
1002 2467 1141 2525 extiterunt.
1173 2467 1214 2519 le

109 2540 155 2589 pro
168 2528 259 2577 corita
270 2545 292 2578 c.
303 2533 344 2579 21.
354 2544 358 2550 ·
368 2531 441 2589 Quod
458 2532 553 2580 etiamsi
569 2530 641 2580 verbo
659 2531 756 2580 differre
770 2531 902 2588 ridebitur,
916 2545 944 2579 re
962 2539 1045 2580 tamen
1062 2533 1108 2581 erit
1123 2548 1197 2582 unum
1206 2547 1215 2591 ς

111 2593 259 2720 gqbiffim
275 2593 393 2644 incensis
409 2595 475 2645 idem
492 2597 591 2655 valebit,
608 2596 633 2644 ln
647 2597 735 2660 quibus
746 2594 889 2662 perspicitur
899 2606 949 2644 uns
964 2598 1037 2660 atque
1047 2597 1132 2692 eadem
1143 2600 1217 2693 crurib

469 2736 472 2740 ⁷
545 2758 613 2810 ’11.
633 2760 773 2812 Uarecum.

149 2835 218 2887 Unus
236 2852 279 2903 pro
296 2838 360 2891 idem
375 2840 497 2889 interdum
512 2839 628 2890 adsciscit
643 2835 728 2892 cums
738 2841 795 2890 Lis.
805 2836 823 2888 l.
834 2842 859 2889 4.
870 2853 892 2887 r.
902 2843 927 2888 8.
944 2839 1025 2898 Quum
1039 2840 1153 2907 indignos
1169 2856 1215 2893 ros

114 2906 194 2964 patres
209 2903 334 2966 ducerent,
353 2906 395 2970 qui
412 2922 461 2956 nnn
476 2920 559 2955 secum
569 2906 628 2955 urbe
638 2905 702 2985 intra
711 2905 798 2955 eadem
807 2902 896 2954 moeuin
905 2903 1027 2956 viveretis.
1108 2916 1111 2921 '
1189 2916 1206 2939 ·¹

507 3023 552 3076 14.
571 3012 800 3085 Unusnl'qrreidcm·

144 3098 259 3164 Jnngitur
272 3099 395 3150 interdum
409 3117 463 3150 eum
473 3099 544 3151 idem.
564 3101 616 3151 Cic.
628 3102 719 3152 1444
730 3103 788 3152 Dio.
799 3117 821 3150 c.
833 3105 875 3152 47.
900 3099 986 3150 Exitus
997 3101 1095 3166 quidem
1104 3101 1212 3152 omnium

112 3177 176 3212 unns
186 3175 210 3213 et
219 3165 283 3214 idem
289 3166 344 3214 init.
359 3167 416 3232 they
426 3168 474 3217 lrud
482 3168 516 3216 411
525 3167 567 3216 tle
576 3181 640 3216 sarar
650 3169 703 3216 arrd.
720 3168 760 3218 14.
773 3175 788 3218 u
803 3168 872 3217 Verr.
882 3183 905 3215 c·
913 3171 954 3216 411.
981 3167 1035 3216 Une
1045 3175 1118 3229 atque
1128 3167 1213 3217 eadem

111 3242 162 3276 nox
172 3237 233 3290 erat,
247 3246 296 3293 qua
313 3231 407 3281 Praetor
416 3232 503 3280 amoris
517 3231 650 3296 turpissimi
665 3233 769 3289 flamma,
785 3248 814 3282 ac
831 3232 914 3282 classis
932 3234 1015 3297 populi
1034 3232 1140 3281 Romani
1152 3249 1212 3295 pre-

112 3291 202 3342 rlonnrn
221 3294 335 3358 incendio
351 3296 521 3361 conflagrabat.
538 3298 621 3348 itroos
636 3312 668 3346 oa
683 3313 726 3347 one
737 3299 785 3346 ond
798 3298 839 3348 tbe
853 3312 918 3348 some
933 3294 1012 3361 aigil.
1046 3298 1213 3351 1444111114.

113 3357 184 3414 Quod
203 3376 278 3409 unum
298 3377 393 3425 semper
411 3370 485 3424 atquc
499 3360 564 3410 idem
583 3370 629 3410 cst.
660 3363 701 3412 ld.
713 3365 729 3411 4
743 3361 818 3412 Catil.
835 3378 858 3410 c.
869 3360 894 3412 7.
911 3360 991 3411 Causa
1000 3365 1045 3410 'est
1056 3370 1110 3427 post
1128 3363 1212 3423 urbem

112 3424 235 3473 conditam
251 3427 303 3474 haec
320 3425 496 3489 inventahsola,
511 3426 592 3490 inqua
607 3442 691 3476 omnes
708 3428 826 3476 sentirent
841 3443 913 3475 unum
930 3435 1003 3492 atque
1018 3428 1092 3475 idem.
1109 3442 1170 3477 ruere
1180 3426 1216 3478 411

111 3487 141 3548 of
154 3491 194 3539 tlte
215 3505 280 3540 sams
296 3491 422 3554 opinion.·''
434 3492 508 3542 142
536 3491 611 3541 Catil.
630 3508 653 3542 c.
677 3497 702 3541 9.
730 3492 825 3550 Quibus
844 3493 892 3541 hoc
910 3493 1098 3557 preripiendum
1118 3492 1213 3542 ridetur

111 3568 185 3603 unum
196 3554 289 3604 scilicet
299 3564 326 3605 et
334 3557 410 3618 idem,
420 3558 484 3620 quod
497 3557 592 3607 ceteris
600 3557 719 3607 omnibus.
953 3574 956 3581 ·

281 3662 297 3698 '⁵
308 3643 362 3733 1³¹,
368 3672 440 3721 Uarro
446 3672 575 3737 opponitur
582 3673 709 3739 uniuersis,
724 3671 839 3730 coraibus,
849 3671 939 3741 441114,
949 3638 1043 3749 cetam.
1091 3658 1094 3663 ¹

146 3751 198 3801 Cic.
209 3752 264 3828 l.·l.
276 3752 361 3828 Quint.
372 3754 417 3803 Fr.
428 3769 464 3818 ep.
477 3759 568 3831 ¹:⁰3⁸·
584 3753 615 3802 Id
621 3754 735 3802 facillime
744 3753 827 3816 iacies,
834 3753 856 3802 si
867 3768 914 3831 mc,
922 3753 962 3803 oui
971 3753 1115 3818 sempernni
1124 3754 1211 3819 magis,

112 3818 1214 3948 4811ὲί11111’ἔῷῗῇᾚιῗῖἔᾌῗιζῗξῗὲῗῖ..1111441411Ἕέᾈῖ

113 3946 154 3996 14.
170 3963 215 4011 prr
232 3948 304 3997 Reae.
322 3946 379 3997 Am.
397 3964 420 3996 c.
438 3952 478 3998 111.
495 3948 635 3998 ·Neiarinrn
644 3949 740 3998 facium
754 3957 827 4011 atque
843 3948 967 4012 ejusmodi,
978 3951 1213 4011 quonnornalefioio

112 4013 203 4061 scelera
214 4013 294 4062 omnia
303 4014 429 4078 complexa
443 4028 495 4063 assa
506 4015 638 4064 videantur.
670 4015 709 4065 14.
718 4029 763 4078 pro
774 4014 863 4064 Martii.
873 4029 896 4062 c.
906 4018 945 4063 11.
961 4013 1057 4063 Bellon
1067 4021 1118 4064 trun
1132 4022 1212 4076 retus,

96 4280 103 4285 ,
146 4224 165 4254 ¹⁴
181 4223 279 4272 Dicitur
293 4230 374 4274 tamen
394 4224 467 4273 etium
484 4223 796 4288 μήπω-4114444141.
812 4222 866 4274 nto.
875 4222 946 4273 144.
954 4228 1033 4274 441.

145 4288 165 4318 ¹⁵
182 4289 251 4339 Unus
269 4305 314 4354 pro
334 4305 446 4354 mnus.
466 4290 537 4343 Gtst.
560 4291 671 4360 Caperes
687 4291 708 4342 1.
717 4293 747 4341 1.
773 4291 996 4355 0144444711.
