2670 4636
112 250 270 325 laxius]
494 246 548 304 DE
572 244 812 305 PARTICULIS
837 254 893 304 etc.
1155 248 1220 338 195.

110 395 216 445 mxime
224 393 275 453 rid.
293 393 442 452 ztnrerttngt
455 392 541 441 critic.
552 392 657 467 quoad.
671 392 788 440 Promutr.
799 406 821 438 c.
832 394 907 452 asp.
918 393 958 438 07.
969 405 1019 454 seq.
1030 397 1056 438 et
1070 391 1202 440 anuomtio-

110 458 309 588 perpalplpctorum
326 459 454 534 homiuum·
466 458 497 504 ad
513 457 619 507 Arbitani
630 457 712 519 Sctyr.
729 471 751 502 c.
766 461 806 508 54.
825 471 849 518 p.
866 457 922 504 202.
939 454 1014 518 (adde
1030 470 1101 520 supra
1114 456 1140 504 iu
1150 471 1203 505 tm

510 623 536 666 8.
555 618 632 673 Quam
643 617 684 679 qui
693 618 802 666 maxime.

150 698 230 755 Quom
240 699 393 762 primariae
412 698 443 745 ad
456 713 589 761 personam.
609 698 660 746 Cir.
672 699 689 744 l.
700 704 725 746 5.
737 698 805 746 Fam.
821 712 858 759 ep.
870 703 895 747 2.
911 697 971 745 Tam
981 711 1032 743 sum
1050 697 1140 744 amicus
1155 697 1201 744 rei-

113 763 300 878 pq'bqqipapoqppm
311 765 350 827 qui
361 764 468 811 maxime.
486 764 503 811 Ι
511 778 549 811 arn
559 778 586 811 es
595 764 663 811 much
677 763 786 810 attached
797 767 821 810 to
830 763 870 810 tlte
882 766 945 812 stete
955 777 983 811 et
992 762 1014 810 it
1024 761 1203 824 ispossidtesor

522 923 537 954 ⁴*
546 929 571 973 9.
591 925 626 973 Ut
636 924 676 987 qui
686 923 797 973 maxime.

147 1005 353 1054 statamus.
369 1005 445 1053 Grata
458 1019 487 1052 ea
504 1020 547 1059 res,
564 1011 592 1050 ut
604 1020 656 1066 quae
669 1004 767 1051 maxirna
784 996 882 1052 Senatui
891 1017 997 1066 unquam
1011 1004 1066 1051 suit.
1098 1004 1136 1052 Id.
1147 1002 1163 1050 l.
1179 1008 1203 1053 7.

113 1085 139 1118 c.
150 1072 192 1118 33.
217 1069 337 1133 (Utraque
354 1069 428 1115 forma
446 1070 542 1132 elegans
561 1076 598 1116 est
615 1068 757 1131 periphrasis
774 1069 917 1131 superlativi,
936 1083 992 1132 pro:
1009 1070 1204 1118 sarracenatos

107 1133 324 1195 graiadmasuiu
341 1134 399 1182 Sum
409 1133 468 1196 reip.
480 1132 656 1215 armahaimus.)

214 1250 254 1295 10.
275 1247 307 1295 Ut
320 1248 416 1309 quisque
429 1216 599 1294 maxime-:ita
610 1245 758 1308 potissimum
775 1245 827 1308 (rel
837 1245 947 1301 maxime,
967 1238 1109 1308 eleganter.)

148 1325 202 1375 cte.
212 1326 229 1372 l.
241 1329 264 1373 1.
275 1329 304 1375 de
313 1327 365 1391 Off.
373 1342 395 1373 c.
405 1330 445 1373 15.
471 1324 524 1372 Hoc
535 1324 638 1373 maxime
645 1325 716 1372 officii
727 1333 771 1379 est,
779 1326 913 1388 utquisque
920 1324 1020 1372 manime
1032 1325 1083 1388 opis
1090 1325 1204 1388 indigeat,

112 1389 150 1438 ita
164 1389 187 1436 ei
197 1390 343 1452 potissimum
355 1390 474 1453 opitulari.
490 1391 530 1439 tte
541 1405 603 1439 more
614 1404 722 1452 apertori
732 1392 802 1438 needr
811 1395 915 1452 support,
927 1391 967 1438 tlte
976 1403 1048 1446 more,
1059 1392 1099 1451 4ο.

117 1599 282 1647 Tertull.odo.
299 1597 418 1644 Marcion.
428 1596 477 1644 ht.
486 1612 506 1642 c.
515 1599 555 1644 37.
567 1610 591 1657 p.
600 1600 647 1645 445
655 1603 680 1642 et
688 1600 729 1642 35.
749 1595 849 1658 Cic-pro
858 1597 952 1644 Cluent.
964 1600 1017 1643 ο.5.
1033 1595 1206 1646 Matermultos

109 1661 165 1726 jam
175 1670 250 1709 annos
260 1667 285 1709 et
295 1675 358 1708 nunc
369 1677 423 1709 cum
434 1660 535 1707 maxime
546 1660 620 1706 filium
633 1659 783 1706 interiectum
795 1660 869 1722 cupit.
1092 1702 1096 1707 .

151 1726 187 1774 Ut
197 1727 247 1774 haec
264 1724 405 1787 significatio
422 1739 533 1786 germana
552 1725 634 1770 harum
647 1723 814 1784 panicularum
832 1723 976 1786 intelligatur
985 1723 1089 1788 penitus,
1101 1723 1206 1773 locsista

114 1798 174 1838 sunt
185 1789 323 1852 diligentius
337 1788 513 1837 consideranda.
546 1788 600 1836 Lio.
617 1787 635 1833 l.
647 1791 687 1834 30.
703 1804 724 1835 c.
736 1792 777 1836 33.
794 1789 873 1845 Quum
889 1789 993 1837 maxime
1011 1790 1062 1836 haec
1081 1788 1207 1851 imperator

115 1854 185 1916 apud
196 1853 405 1914 Carthaginienses
422 1863 518 1915 ageret3
540 1853 602 1899 tubae
614 1867 747 1914 cornuaque
763 1851 793 1899 ab
804 1852 920 1901 Romanis
936 1853 1079 1901 cecinerunt.
1107 1854 1132 1902 F
1131 1855 1174 1902 lor.
1189 1855 1206 1901 l.
1266 1888 1270 1893 -

117 1922 143 1966 1.
156 1919 217 1966 Tum
233 1919 334 1966 maxime
349 1925 443 1979 praetor.
472 1917 555 1965 Sentr-
572 1917 616 1965 vir.
627 1917 687 1965 beat.
698 1933 719 1964 c.
731 1921 771 1965 25.
793 1917 836 1964 Me
848 1918 969 1966 hominem
980 1933 1032 1964 esse
1043 1924 1092 1964 tum
1103 1920 1207 1966 maxime

116 1983 238 2096 titt?
246 1981 680 2109 susurratricem
699 1982 1094 2094 thimiamatus
1103 1982 1208 2096 mis

223 2082 231 2103 2
367 2079 374 2094 Ι
478 2078 485 2091 ⁰
606 2078 612 2091 θ
643 2078 649 2092 1
682 2077 688 2091 Ι
733 2077 739 2093 ί
1096 2077 1104 2092 θ

116 2128 147 2162 es
158 2114 176 2161 I
182 2114 291 2161 reoottect
301 2127 361 2160 new.

151 2177 243 2238 Spuriae
254 2175 437 2238 significationes
448 2177 526 2223 multae
538 2183 592 2222 suut
602 2183 626 2223 et
635 2176 810 2225 commentitia.
821 2193 845 2222 r.
855 2191 879 2237 g.

155 2244 178 2289 1.
197 2241 257 2289 Cum
268 2242 370 2290 mxime
390 2255 433 2302 pro
449 2255 518 2303 quarn
536 2240 646 2294 maxime,
661 2254 756 2288 summe.
773 2241 913 2290 Tertullam.
925 2241 979 2288 ndo.
998 2240 1118 2289 Marcion.
1129 2243 1170 2289 27.
1182 2256 1207 2304 p.

116 2308 179 2354 434.
196 2304 253 2352 Non
268 2305 328 2366 legis
348 2319 420 2352 onera
435 2305 549 2367 sugillans
559 2305 627 2366 quasi
637 2303 767 2351 detestator
782 2303 840 2367 ejus.
859 2304 984 2360 Quomodo
995 2306 1059 2352 enim
1069 2304 1209 2361 detestator,

117 2369 226 2432 quicum
238 2370 339 2416 maxime
350 2369 441 2431 potiora
451 2370 510 2431 legis
520 2377 688 2431 pretereuntes
699 2368 831 2424 incusabat,
842 2370 1015 2433 eleemosynam
1024 2379 1049 2417 et
1058 2370 1209 2418 vocationem

117 2441 147 2482 et
158 2432 311 2482 dilectionem
322 2433 384 2480 Dei?
409 2435 499 2482 Seraera
509 2448 543 2497 ep.
554 2436 595 2480 86.
611 2433 636 2480 Si
645 2432 703 2494 quid
709 2433 787 2479 credis
795 2433 862 2487 mihi,
872 2433 969 2481 intimos
979 2434 1079 2482 affectus
1087 2450 1154 2482 meos
1164 2433 1209 2482 tibi

116 2514 176 2547 cum
188 2499 290 2546 maxime
299 2499 393 2560 detego.
415 2497 477 2544 Add.
491 2498 589 2546 Tertull.
599 2499 652 2545 edu.
664 2498 743 2545 Marc.
755 2498 771 2544 l.
783 2503 807 2546 4.
823 2514 844 2544 c.
855 2503 894 2546 25.
904 2500 1004 2560 princip.

153 2566 179 2610 2.
192 2564 253 2612 Cum
262 2563 365 2612 merisne
374 2576 417 2623 pro
432 2577 493 2610 nunc
506 2563 645 2623 praesertim.
674 2561 757 2610 Senes.
768 2577 803 2623 ep.
814 2564 870 2610 120.
881 2563 933 2609 Hoc
953 2562 1016 2625 quod
1030 2563 1135 2610 futurum
1145 2562 1209 2618 dico,

117 2643 175 2675 cum
188 2628 290 2675 maxime
300 2627 335 2679 iit,
352 2634 378 2674 et
389 2640 442 2686 pars
453 2626 503 2689 ejus
513 2640 598 2688 magna
604 2626 652 2689 jam
663 2624 727 2672 facta
742 2635 787 2672 est.
812 2627 851 2674 Id.
863 2628 892 2675 de
903 2626 977 2685 bend.
989 2628 1006 2673 l.
1018 2630 1040 2674 s.
1051 2643 1074 2674 c.
1085 2631 1109 2674 2.
1127 2626 1206 2673 Nemo

117 2698 225 2739 nostrum
235 2691 304 2739 novit
313 2691 360 2738 nisi
369 2690 394 2737 id
404 2696 500 2753 tempus
514 2691 578 2754 quod
588 2705 641 2738 cum
653 2690 752 2736 manime
760 2692 858 2738 transit:
879 2690 909 2738 ad
920 2691 1038 2752 praeterite
1046 2692 1094 2738 rari
1104 2690 1209 2738 animum

117 2763 267 2819 retorquent.
287 2754 357 2803 Adde
367 2756 508 2804 Tertulliun.
520 2756 535 2802 l.
545 2759 570 2804 4.
581 2756 634 2803 ndo.
647 2755 764 2802 Murrina.
776 2770 798 2801 c.
808 2760 832 2803 5.
844 2771 869 2817 p.
878 2758 935 2804 400.

153 2823 177 2869 ll.
189 2823 249 2870 Cum
259 2821 360 2870 murima
370 2835 411 2883 pro
422 2825 448 2867 rt
453 2819 521 2883 first.
547 2819 627 2867 Senes.
638 2833 674 2879 ep.
684 2822 726 2866 23.
743 2817 774 2865 ld
787 2819 904 2881 agendum
915 2825 959 2881 est,
970 2827 996 2866 ut
1006 2819 1064 2866 sads
1071 2818 1209 2870 vixerimus.

118 2883 200 2932 Nemo
211 2887 255 2942 hoc
266 2891 342 2948 putat,
352 2884 393 2946 qui
401 2885 488 2931 orditur
497 2898 552 2931 cum
559 2883 658 2928 maxime
668 2881 750 2928 vitam.
779 2883 835 2944 Ipse
846 2883 952 2930 autorita
963 2884 1092 2944 explicavit
1107 2889 1209 2930 mentem

118 2963 201 2997 suam:
214 2950 282 2997 Male
291 2950 375 2996 vivunt
380 2948 421 3013 qui
432 2962 524 3008 semper
529 2947 608 2992 vivere
618 2946 744 3007 incipiunt.
772 2948 866 3004 Quare?
882 2947 971 3009 inquis.
988 2948 1049 3004 Quia
1055 2962 1150 3010 semper
1158 2946 1209 2993 illis

118 3013 259 3077 imperfecta
271 3014 321 3061 rita
331 3020 381 3060 est:
399 3027 446 3059 non
462 3016 632 3075 potestantem
642 3017 703 3056 stare
716 3019 812 3072 paratus
823 3011 852 3058 ad
865 3023 977 3073 mortem,
987 3012 1028 3075 qui
1044 3013 1115 3058 modo
1124 3009 1211 3074 incipit

117 3077 210 3126 vivere.
242 3077 273 3125 Id
283 3076 399 3140 agendum
411 3083 454 3127 ret.
482 3076 563 3124 Senes.
575 3091 609 3138 ep.
619 3078 659 3122 95.
676 3074 732 3122 Fuit
740 3074 790 3122 sine
801 3076 881 3132 dubio,
893 3085 920 3123 ut
929 3075 1023 3134 dicitur,
1034 3084 1103 3123 vetus
1117 3077 1159 3122 illa
1169 3090 1207 3125 sa·

118 3141 213 3204 pientia
230 3157 285 3189 cum
300 3141 402 3189 mamma
412 3155 513 3188 nascens
525 3139 596 3186 rudis.
607 3140 627 3188 i.
637 3154 658 3187 e.
669 3140 789 3201 sapientia
796 3155 826 3187 eo
838 3149 942 3204 tempore
955 3156 1032 3204 quum
1043 3141 1114 3188 modo
1124 3155 1209 3189 nasce·

120 3206 198 3260 batur,
209 3213 235 3252 et
244 3206 370 3269 primordia
380 3206 496 3268 capiebat,
507 3205 609 3267 simplex
617 3203 664 3250 tuit
674 3211 700 3250 et
708 3204 824 3267 impolita.
1051 3216 1054 3223 ’

153 3273 177 3318 4.
190 3271 250 3318 Cum
259 3270 361 3319 mxime
372 3285 413 3331 pro
424 3269 477 3329 J'nm
486 3269 584 3331 jamque
593 3283 635 3316 seu
647 3271 676 3317 de
686 3274 788 3330 tempore
799 3268 872 3332 magis
883 3270 1004 3333 magisque
1021 3269 1108 3318 lutura.
1126 3270 1208 3318 Seuer.

117 3348 157 3397 ep.
169 3337 227 3381 107.
242 3349 267 3396 p.
282 3339 339 3383 474.
355 3334 469 3390 Quaedam
483 3335 511 3379 iu'
523 3349 567 3380 nos
578 3333 625 3380 fixa
634 3340 702 3380 sunt:
721 3333 830 3395 quaedam
847 3334 941 3382 vibrant
951 3344 975 3382 et
992 3351 1045 3383 cum
1054 3335 1156 3382 maxime
1168 3348 1208 3380 re·

115 3397 205 3445 niunt:
221 3398 328 3460 quadam
340 3399 370 3445 ad
379 3398 439 3445 alios
449 3406 590 3460 perventura
600 3413 644 3444 nos
659 3398 784 3458 stringunt.
810 3398 891 3447 Seuer.
902 3415 938 3461 ep.
949 3403 1006 3448 124.
1022 3398 1098 3461 Atqui
1108 3404 1208 3460 quantu-

116 3461 170 3511 lum
184 3462 283 3510 interest
298 3462 360 3509 inter
376 3478 431 3509 eum
446 3462 486 3524 qui
504 3477 556 3508 cnm
569 3461 669 3508 maxime
680 3462 754 3508 vitam
770 3463 866 3525 accipit,
878 3470 902 3510 et
914 3462 982 3509 illum
992 3454 1035 3524 qui
1048 3470 1209 3517 maternorum

117 3527 236 3574 viscerum
246 3527 322 3575 lateus
332 3542 392 3574 onias
406 3525 453 3573 est!
474 3527 509 3575 Et
518 3539 586 3573 mos:
601 3525 695 3571 Bonum
712 3539 760 3571 non
778 3533 815 3573 est
825 3529 848 3572 in
863 3528 937 3589 prima
947 3526 1037 3589 l'mnde,
1059 3541 1111 3588 quae
1122 3526 1209 3573 emissa

115 3605 174 3640 cum
183 3590 283 3638 manime
291 3591 369 3638 solum
375 3591 472 3653 rumpit.

153 3658 178 3702 5.
184 3655 245 3702 Cum
254 3655 356 3703 mxime
365 3670 407 3716 pro
418 3670 444 3703 eo
459 3659 568 3717 ternpore,
577 3666 621 3715 quo
631 3651 747 3713 praecipue
759 3653 795 3698 vet
805 3654 958 3713 potissimum.
986 3655 1068 3702 Senec.
1080 3669 1116 3715 ep.
1131 3656 1171 3700 81.
1184 3668 1209 3714 p.

74 3772 84 3783 .
119 3720 179 3766 184.
193 3719 291 3775 Quanto
299 3718 395 3765 hilarior
405 3728 441 3765 est
448 3717 489 3780 qui
495 3715 574 3773 solvit,
585 3730 656 3777 quam
664 3713 704 3777 qui
715 3721 844 3771 mutuatur,
852 3723 919 3762 tanto
929 3716 1001 3763 debet
1010 3717 1086 3763 laetior
1094 3732 1155 3770 esse,
1167 3715 1210 3779 qui

116 3797 149 3829 se
159 3785 261 3830 maximo
270 3797 316 3829 rere
327 3782 404 3830 alieno
415 3781 507 3843 accepti
522 3780 632 3829 beneficii
647 3785 768 3837 exonerat,
778 3793 848 3840 quam
859 3779 901 3841 qui
911 3781 1029 3842 accipiens
1042 3796 1096 3827 curn
1109 3779 1209 3827 maxime

120 3845 249 3909 obligatur.
264 3847 283 3894 i.
292 3861 313 3895 e.
341 3861 392 3894 uam
403 3846 434 3900 is,
444 3847 484 3908 qui
495 3845 610 3892 beneficia
620 3842 716 3905 accipit,
728 3857 756 3889 eo
766 3850 872 3904 tempore
883 3843 958 3890 letari
972 3845 1040 3907 solet,
1057 3859 1104 3906 quo
1113 3844 1210 3907 potissi·

119 3924 188 3957 mum
199 3918 224 3958 et
235 3925 288 3958 vere
299 3863 425 3974 obligatur.
452 3911 534 3958 Senes.
545 3911 637 3965 Quoest.
650 3908 710 3955 Nat.
719 3907 736 3952 l.
744 3910 768 3953 5.
777 3922 799 3953 c.
808 3910 832 3953 l.
848 3905 934 3971 Adjice
942 3923 1013 3964 nunc,
1026 3907 1097 3974 quod,
1109 3909 1129 3956 si
1140 3924 1211 3956 causa

87 4018 93 4024 .
117 3973 172 4022 iilis
186 3975 258 4023 llatus
273 3983 311 4023 est
320 3975 424 4038 spatium
434 3973 482 4021 diei
494 3988 520 4021 ac
532 3971 665 4036 longitudo,
683 3971 757 4018 etiam
768 3978 823 4018 ante
835 3971 963 4018 solstitium
972 3974 1062 4029 flarent,
1074 3987 1145 4035 quum
1158 3975 1209 4021 lou·

119 4036 216 4102 gissimi
224 4039 276 4088 dies
286 4050 350 4096 sunt,
361 4048 387 4087 et
397 4055 449 4087 cum
461 4037 563 4085 mamma
574 4038 642 4085 nives
652 4036 786 4083 tabescunt.

156 4106 182 4151 0.
193 4105 255 4152 Cum
270 4106 372 4153 maxime
388 4119 430 4167 pro
447 4104 494 4151 ulto
512 4109 613 4165 tempore
627 4115 715 4148 summe
729 4100 767 4146 vel
779 4113 882 4161 unquam
897 4115 1047 4163 srtmmopere.
1074 4101 1156 4151 Sento.
1174 4115 1211 4163 ep.

120 4169 182 4215 11³.
192 4182 218 4231 p.
230 4172 287 4218 504.
303 4169 447 4222 Tentorium,
458 4168 543 4228 inquis,
558 4172 635 4212 totum
651 4164 711 4211 illud
725 4171 769 4219 est,
782 4163 909 4226 quodcum
925 4166 1024 4213 maxime
1040 4166 1118 4226 agitur
1132 4171 1157 4212 ot
1171 4165 1222 4225 agi'

119 4238 215 4295 potest.
239 4234 278 4282 Id.
290 4233 359 4296 epist.
377 4237 419 4281 99.
433 4247 459 4295 p.
470 4235 527 4280 440.
539 4231 605 4290 Quid
615 4228 761 4288 incredibile,
769 4227 828 4296 quid
837 4244 928 4280 norum
936 4229 1034 4280 eremiti
1051 4231 1136 4287 Quam
1142 4228 1230 4275 maxim

117 4310 177 4344 cum
186 4297 289 4344 maxime
297 4298 368 4345 funus
377 4297 492 4360 locatur]
885 4312 888 4318 ’
