2670 4636
110 247 252 325 9911391]
428 292 429 297 .
452 249 508 309 DE
528 249 766 313 restrictius
780 261 838 313 etc.
862 299 869 315 .
1142 255 1197 316 351

476 394 491 423 '
502 399 542 444 lo.
561 396 626 452 Quin
635 411 689 445 uero
700 412 742 461 pro
756 396 834 448 imaro.

146 474 229 525 denec.
240 489 277 538 ep.
289 477 329 523 98.
349 473 413 531 Quin
425 491 480 523 vero
490 477 619 525 metuenda
629 476 731 526 decime.

529 621 668 672 'CAPUT
690 623 816 672 CCXXI..

463 736 509 796 De
526 736 686 796 Pertinacia
701 737 854 804 Qurnnn.

526 867 549 913 l·
567 866 671 921 Quinam
678 881 722 929 pro
733 865 793 929 qais.
839 877 842 892 ⁸

146 938 207 1017 Noti
222 947 262 991 est
274 958 340 991 usos.
357 944 434 1001 Quare
452 947 561 1016 exempla
578 946 787 1010 praetermittimus.
803 946 876 1012 (itero
895 962 938 1011 pro
949 949 1071 1012 quisnam.-
1087 965 1139 1015 quae
1154 953 1201 1002 duo
1237 985 1239 991 ,

110 1019 245 1067 promiscue
260 1015 387 1070 ponuntur.
403 1010 435 1058 V.
447 1011 532 1059 Burin.
543 1009 575 1059 ad
587 1012 684 1060 Ptaedr.
694 1012 711 1058 l.
721 1019 746 1061 6.
751 1010 805 1072 sod·
818 1011 854 1077 1.)

439 1113 464 1158 2.
483 1110 586 1165 Quinam
597 1109 627 1159 de
637 1111 731 1158 duobus
740 1125 820 1172 rurum
830 1117 875 1158 est.

144 1185 271 1236 Pontanena
287 1187 314 1237 in
330 1186 436 1237 Antonio
451 1204 483 1237 ex
497 1190 600 1240 Caturia
618 1191 652 1238 Β.
666 1192 699 1240 G.
712 1192 764 1240 1.6.
775 1206 797 1238 c.
807 1194 848 1241 44.
860 1193 874 1248 b
886 1194 910 1240 2.
928 1189 951 1238 Ii
962 1198 1088 1255 perpetuas
1106 1200 1201 1242 coutro-

110 1249 202 1298 versiae
216 1250 280 1299 inter
297 1266 323 1298 se
335 1253 461 1309 habebant,
472 1254 567 1317 quinam
579 1256 743 1306 anteferretur.
777 1254 825 1303 Sed
836 1263 864 1304 ut
874 1257 926 1304 baec
938 1255 1017 1312 lectio,
1034 1256 1121 1306 Ursino
1132 1265 1204 1316 teste,

110 1313 234 1379 aliquibus
244 1315 310 1365 libris
320 1317 441 1381 probetur,
450 1318 485 1366 ite
496 1319 549 1367 eliis
559 1327 718 1383 praeoptatum
729 1327 777 1382 est,
787 1327 843 1369 etet·
851 1320 923 1369 citeri
933 1321 1099 1380 anteferretur.
1130 1322 1203 1386 (Post

111 1393 142 1426 ea
150 1394 203 1440 quae
218 1381 398 1445 Oudendotpiue
408 1381 439 1430 ad
449 1398 504 1430 eum
514 1385 592 1432 locum
603 1383 673 1441 dixit,
685 1384 810 1448 nemojam
821 1384 922 1449 emptius
933 1385 963 1434 de
972 1385 1082 1435 lectionis
1091 1389 1202 1445 veritate,

112 1451 139 1491 et
147 1443 262 1495 dictionis
272 1446 377 1495 bonitate
389 1447 496 1495 dubitet:
516 1463 587 1510 quem
597 1447 675 1513 vide.)

527 1592 640 1642 CAPUT
666 1592 794 1642 ccxxn.
889 1591 895 1599 ’

469 1709 520 1768 De
541 1706 690 1768 Aduerbio
705 1708 848 1776 Qurrrn.

428 1843 451 1886 1.
469 1838 561 1902 Quippe
575 1843 701 1901 procerte,
716 1844 759 1885 aut
768 1838 884 1888 eideiieet.

145 1915 248 1972 Qurrsr
260 1915 323 1965 idem
340 1926 378 1966 eet
393 1919 450 1975 fere,
467 1918 532 1982 quod
547 1923 618 1975 terte,
637 1927 663 1966 et
678 1917 763 1966 eodem
776 1920 848 1966 modo
862 1919 932 1967 etiam
948 1917 1081 1983 subjicitur,
1094 1927 1136 1967 aut
1150 1920 1202 1986 reji-

110 1978 175 2028 citur
189 1982 215 2028 in
231 1990 370 2030 extremum.
405 1984 456 2032 cic.
474 1998 517 2046 pro
528 1984 594 2032 Mur.
604 2000 626 2031 c.
637 1987 677 2031 119.
695 1983 784 2031 Dixisti
796 1985 893 2046 quippe,
907 1982 958 2046 jem
969 1983 1041 2031 fixum
1053 1992 1078 2031 et
1087 1991 1203 2034 statutum

110 2049 159 2093 est.
177 2061 224 2109 you
234 2048 349 2113 certainly
362 2049 416 2096 auid
426 2063 460 2097 eo.
493 2050 534 2097 Id.
542 2063 585 2111 pro
604 2049 692 2096 Coecin.
703 2064 724 2095 c.
737 2051 775 2096 19.
792 2048 871 2097 Recte
887 2049 959 2111 igitur
975 2048 1074 2104 diceres,
1092 2055 1116 2096 te
1134 2050 1203 2098 resti·

108 2109 204 2156 tuissei
221 2112 320 2174 quippe.
354 2114 393 2161 Id.
409 2128 452 2175 pro
464 2113 560 2162 Mureti.
574 2127 595 2160 c.
606 2117 646 2162 35.
664 2112 728 2175 Ergo
743 2113 773 2160 od
784 2128 874 2160 coeuam
890 2112 1013 2176 petitionis
1024 2128 1094 2160 causa
1111 2114 1133 2161 si
1149 2116 1206 2178 quis

109 2181 190 2230 vocat,
206 2176 390 2225 condemnetur?
407 2176 514 2239 Quippe,
527 2177 613 2241 inquit.
635 2193 685 2241 pes,
703 2177 825 2243 certainly,
843 2179 960 2233 trodonei,
976 2178 1141 2244 undoubtedly,
1159 2195 1203 2230 ten·

110 2239 284 2305 questionnblp.
306 2240 392 2307 (Adde
403 2244 433 2291 de
445 2242 501 2291 nte.
512 2243 528 2289 l.
539 2247 563 2291 1.
573 2258 595 2290 c.
606 2241 642 2306 3.)
782 2264 783 2269 ’
1082 2233 1090 2250 “

500 2343 524 2388 2.
542 2340 641 2404 Quippe,
653 2340 697 2404 per
706 2339 814 2388 ironiam.

150 2415 246 2479 Ver-gd.
258 2422 281 2466 1.
297 2419 354 2468 nnn.
365 2435 389 2465 v.
401 2423 441 2469 aa.
457 2419 552 2484 Quippe
569 2420 710 2469 seersum:
727 2421 849 2479 renone,
860 2428 905 2472 cer.
938 2421 991 2471 cte.
998 2397 1044 2484 pro
1056 2422 1113 2472 nro.
1129 2439 1151 2472 e.
1164 2426 1205 2474 re.

110 2481 198 2530 Monet
208 2482 298 2547 quippe
308 2499 347 2531 me
357 2484 437 2532 lumen
446 2486 524 2532 curie.
540 2500 581 2549 pes
584 2484 712 2545 forsooth!
1165 2516 1171 2525 ι

504 2587 527 2631 3.
546 2584 648 2648 Quippe,
662 2597 706 2646 pro
722 2588 810 2646 utpote.

145 2661 269 2710 Interdum
280 2671 406 2727 usurpetur
415 2677 457 2726 pro
468 2669 556 2726 utpote.
591 2664 642 2711 Cic.
653 2665 669 2712 1.
681 2668 704 2711 1.
713 2664 742 2712 de
753 2663 811 2712 Firc-
827 2678 849 2710 c.
860 2666 884 2710 6.
899 2661 940 2710 Sol
950 2661 1092 2710 Democrito
1103 2678 1202 2726 magnus

110 2725 215 2782 videtin,
233 2727 322 2790 quippe
342 2728 434 2775 homini
449 2728 552 2775 erudito.
574 2733 598 2777 to
614 2728 772 2784 Dernocritus,
792 2727 844 2776 coito
861 2741 912 2775 toea
925 2743 940 2775 o
955 2729 1050 2776 learned
1065 2742 1128 2774 man.
1164 2731 1202 2778 Id.

109 2791 138 2838 in
149 2791 223 2840 Brut.
235 2809 257 2840 c.
268 2796 309 2840 69.
327 2792 384 2840 Non
393 2802 453 2856 puto
463 2792 598 2840 existimare
609 2800 644 2849 te,
654 2792 784 2840 ambitione
796 2807 832 2838 rue
842 2791 899 2846 labi,
912 2791 1001 2853 quippe
1012 2791 1041 2837 de
1052 2790 1158 2840 mortuis.

145 2861 170 2904 t.
187 2855 253 2903 Aiins
269 2871 312 2919 pro
326 2858 389 2919 quin,
404 2858 444 2904 vel
462 2871 525 2913 nom,
543 2858 589 2912 for.
609 2857 660 2905 Cic.
672 2859 688 2904 1
698 2856 765 2905 Pte.
775 2871 798 2902 c.
808 2860 849 2905 29.
866 2855 979 2902 Haerebat
994 2855 1100 2902 nebulo:
1117 2871 1164 2919 qno
1174 2873 1217 2906 se·

110 2927 222 2976 verteret,
240 2937 288 2969 non
302 2922 414 2970 habebat.
431 2921 525 2983 Quippe
538 2922 562 2968 in
578 2920 617 2968 his
627 2920 687 2983 ipsis
699 2920 846 2983 temporibus
859 2918 980 2967 dicebatur
990 2926 1035 2968 cet.
1057 2921 1095 2968 le.
1108 2921 1128 2972 1.
1136 2924 1161 2969 2.
1172 2925 1202 2972 de
1308 2972 1312 2979 ,

112 2986 187 3034 Orat.
196 3001 218 3033 c.
228 2991 269 3035 64.
296 2987 358 3034 Leve
371 3001 456 3033 nomen
470 2987 545 3032 habet
556 2995 655 3047 utreque
670 3001 716 3032 res.
748 2984 844 3047 Quippe
865 2985 918 3032 leve
930 2993 967 3032 est
978 2990 1055 3032 totum
1065 2986 1118 3047 boc,
1129 2985 1202 3034 risum

110 3052 287 3179 qndpepree‘viddd'
297 3067 339 3166 perp
349 3053 420 3100 Dum.
432 3066 454 3099 c.
463 3055 510 3100 118.v
520 3051 535 3100 J
537 3066 576 3099 am
583 3050 667 3107 fateor,
678 3049 765 3113 inquit,
774 3050 799 3098 in
810 3049 939 3098 Gabinium
947 3065 986 3097 me
997 3050 1110 3130 nefarium
1117 3051 1202 3109 tuisse,

280 3150 287 3172 1
335 3149 342 3164 ‘
431 3170 435 3175 .

301 3217 325 3263 ὅ.
345 3213 436 3276 Quippe
445 3213 494 3276 q‘ui,
509 3229 569 3278 que,
585 3215 653 3277 qood,
665 3228 708 3276 pro
722 3218 802 3276 utpute
812 3212 862 3276 qui,
871 3227 932 3276 qaoe,
944 3215 1012 3275 qnod.

146 3295 199 3343 Cic.
208 3308 251 3356 pro
263 3294 335 3343 Ruso.
346 3292 402 3342 Am.
414 3310 435 3342 c.
448 3298 486 3343 18.
511 3295 626 3343 Convivia
641 3310 695 3342 cum
709 3301 775 3358 patre
787 3309 835 3342 non
846 3293 922 3341 inibat
932 3293 1046 3354 Roscius,
1056 3294 1146 3357 quippe
1157 3293 1199 3356 qui

111 3375 144 3407 ne
155 3359 180 3405 in
190 3357 304 3421 oppidum
314 3358 420 3420 quidem,
430 3359 475 3406 nisi
487 3375 588 3422 perraro,
598 3359 699 3408 reniret.
717 3361 767 3408 eobo
775 3358 863 3419 inferet
873 3360 916 3408 did
925 3364 1029 3407 noteoen
1035 3373 1076 3420 gc,
1087 3363 1127 3422 qe.
1160 3360 1202 3408 Id.

110 3424 128 3472 1.
138 3428 163 3473 2.
170 3427 202 3499 'de
213 3425 306 3473 Invent.
317 3439 339 3472 c.
351 3428 391 3473 46.
408 3422 503 3487 Quippe
515 3439 567 3487 quae
578 3424 604 3472 in
613 3425 668 3486 lege
683 3425 771 3488 scripta
781 3439 828 3472 non
839 3424 879 3471 sit.
906 3424 1046 3486 *Exempla
1056 3430 1113 3470 sunt
1123 3423 1203 3472 ubivis

111 3489 223 3554 pluma.
272 3514 280 3539 Ἰ
443 3554 467 3600 6.
485 3552 576 3616 Quippe
586 3568 645 3609 cum,
659 3568 702 3615 pro
717 3536 868 3616 utpoteeunt.

147 3634 199 3683 co.
209 3633 227 3680 1.
237 3636 262 3683 2.
273 3634 303 3682 de
315 3632 367 3695 Off.
378 3649 400 3681 c.
412 3633 543 3707 93Harum
558 3633 631 3708 igitur
643 3636 743 3708 duarum
760 3631 791 3679 ad
804 3632 879 3708 fidem
892 3631 1024 3708 sapiendam
1036 3631 1129 3743 {ustitia
1145 3631 1203 3695 pius

112 3706 200 3760 potest,
214 3713 304 3762 quippe
316 3713 370 3744 cum
382 3713 415 3744 ea
428 3713 481 3745 erne
492 3696 617 3759 prudentia
634 3707 690 3744 sens
707 3696 792 3743 hebeat
807 3705 945 3746 autoritatis.
978 3695 1035 3744 ·Ad
1054 3730 1060 3746 .
1074 3695 1112 3744 id.
1124 3697 1142 3744 1.
1160 3700 1202 3747 lo.

112 3762 167 3812 Art.
177 3777 213 3825 ep.
224 3767 248 3813 1.
259 3767 306 3810 etl
320 3763 380 3812 Par.
392 3778 414 3810 c.
426 3767 450 3810 11.
460 3770 485 3810 et
496 3762 551 3810 Lt'o.
563 3763 580 3809 1.
592 3767 616 3812 d.
627 3778 648 3809 c.
659 3761 762 3811 etetl.
773 3764 814 3810 16.
826 3777 848 3809 c.
859 3765 900 3810 ³9.

433 3860 464 3889 ”
475 3864 499 3910 7.
520 3862 611 3925 Quippe
621 3863 699 3925 queck
720 3851 811 3923 Quippe
822 3858 885 3923 quio.

145 3942 198 3990 Cic.
210 3941 261 3991 1.1.
273 3941 342 3991 Fam.
352 3957 388 4005 ep.
398 3945 422 3989 9.
440 3940 518 3990 Multa
533 3942 563 3989 de
576 3959 626 3990 ntea
637 3939 757 3990 sententie
771 3947 869 4004 questus
879 3947 915 3988 est
925 3937 1014 3994 Caeser,
1032 3938 1121 4002 quippe
1135 3937 1200 4002 quod

109 4006 185 4055 etiam
195 4005 308 4055 Crassum
319 4015 373 4054 ante
383 4005 506 4056 vidisset)
525 4008 619 4058 Terent.
632 4008 723 4057 Heneti.
738 4009 761 4053 8.
771 4009 795 4054 2.
811 4004 906 4070 Quippe
917 4004 974 4068 quia
983 4019 1122 4067 magnarum
1136 4019 1201 4070 sepe

108 4071 136 4120 id
145 4071 277 4119 remedium
288 4071 452 4137 aegritudinum
462 4079 508 4120 est.

335 4325 338 4338 ,
425 4283 435 4314 ²
451 4279 503 4330 Alii
512 4279 596 4355 legunt
607 4281 689 4347 quippe
700 4280 743 4346 qui
753 4279 828 4334 etium
837 4287 888 4333 cet.
