2670 4636
165 199 201 255 10
593 195 816 257 PRAEFATIO.

162 342 369 409 necessitatem
383 342 569 423 suspicetur:
590 362 768 424 magnopere
790 363 885 404 errare
901 363 968 404 eum
989 344 1069 404 haud
1088 344 1258 406 dubitanter

162 459 311 500 assevero.
357 439 486 500 Necesse
501 449 548 499 est
561 441 649 511 enim,
670 442 827 514 unoculus
852 453 969 502 nostros
991 441 1090 502 videre
1106 455 1194 522 neget
1216 444 1258 512 irl,

162 538 244 619 quod
260 549 373 597 veteres
389 537 534 598 viderunt.
576 537 636 597 Sed
646 537 816 619 hujusmodi
831 539 956 619 ineptias
970 539 1084 618 explosi
1099 540 1127 598 in
1140 540 1258 601 librode

76 627 82 639 ⁶
163 620 261 721 Plug.
276 635 355 696 liter.
371 655 397 694 c.
415 637 535 710 lO.§4.
550 655 634 714 seqq.
658 647 689 695 et
710 636 740 694 iu
762 635 915 719 dissertet.
940 635 976 697 de
996 639 1170 716 questione,
1208 637 1259 698 Au
1297 667 1300 675 ¹

162 733 302 795 cholerici
319 734 473 813 praeeipue
486 735 550 792 sint
561 732 652 812 sures
666 733 797 792 literarii
813 738 827 807 ᾗ
843 735 892 793 35.
906 751 976 812 pag.
991 734 1042 794 21.
1058 752 1142 812 seqq.
1170 733 1260 794 Adde

165 830 329 892 Gutaclreri
344 829 474 890 Miscell.
488 829 544 889 l.2.
560 848 587 889 c.
604 834 633 889 3.
647 849 716 908 pag.
732 829 804 887 281.
845 829 994 889 Thomasii
1017 850 1083 890 vero
1104 831 1260 909 integritas

162 926 258 987 carior
276 925 361 985 uobis
381 937 475 986 estet
496 925 647 996 illustrior,
668 945 757 1004 quam
774 935 808 984 ut
826 944 890 985 eam
909 925 976 984 furti
997 926 1166 1005 suspicione
1187 947 1262 986 cou-

163 1022 298 1083 taminari
312 1042 401 1103 posse
416 1036 564 1102 putemus.
607 1021 838 1100 Diligentissime
857 1022 935 1081 notis
953 1021 1016 1081 suis
1028 1021 1191 1102 adscripsit
1205 1044 1260 1083 au·

112 1113 115 1119 ’
151 1119 308 1192 'toritates,
323 1140 398 1200 ques
410 1121 434 1179 si
442 1121 619 1191 reticuisset,
632 1139 718 1178 nemo
729 1119 755 1178 ei
767 1118 885 1178 laudem
901 1119 1077 1179 inventionis
1088 1121 1259 1202 abjudicare

163 1235 253 1276 ausus
268 1228 357 1277 esset.
399 1218 512 1296 Magna
526 1226 594 1277 suut
615 1218 644 1275 in
664 1237 710 1276 me
731 1216 954 1276 Thomasrorum
973 1217 1097 1275 merita:
1118 1221 1260 1296 quocirca

164 1314 188 1372 si
198 1314 322 1393 probare
337 1333 428 1373 ausus
443 1314 531 1374 inerit
546 1313 650 1385 ltalus,
662 1334 730 1393 quae
746 1312 902 1372 Germanis
916 1315 1089 1393 exprobrat:
1112 1314 1262 1374 Germana

162 1409 238 1471 fides
251 1421 283 1470 et
296 1410 438 1474 fortitudo
452 1411 600 1471 Germano
612 1430 671 1469 nou
687 1409 789 1469 deerit.

205 1505 283 1583 Nam
308 1506 388 1591 quod
411 1505 552 1566 Germani
571 1507 791 1589 observationes
817 1525 886 1565 suas
903 1505 1108 1586 insignierunt,
1130 1527 1167 1566 ne
1185 1508 1260 1566 Tur-

162 1601 266 1673 sellino
275 1603 480 1671 tribuerentur,
491 1624 509 1663 a
519 1602 849 1683 Faeciolatoiugeniose
862 1602 1094 1682 reprehenditur.
1129 1603 1259 1665 Primum

163 1699 241 1759 euim
254 1699 371 1760 libellus
385 1701 525 1782 parvulus
540 1720 607 1760 cum
630 1700 743 1781 ingenti
758 1698 892 1779 Calepini
912 1698 985 1758 libro
1004 1700 1160 1760 commode
1180 1721 1259 1761 com-

156 1808 292 1889 paratur.
334 1796 450 1857 Deinde
476 1818 513 1862 err
545 1798 601 1857 levi
622 1795 812 1883 similitudine
834 1794 926 1855 decus
949 1805 1002 1855 aut
1023 1796 1194 1858 deformitas
1217 1800 1261 1859 la·

49 1940 54 1949 .
161 1903 276 1967 uturum
290 1892 412 1970 solerter
426 1894 543 1953 ostendi
562 1904 670 1973 potest.

204 1989 350 2069 inutilitas
359 1988 486 2075 denique
498 1990 681 2069 quarundam
690 1991 931 2054 observationum
942 2001 1108 2051 nostrarum
1120 1991 1260 2072 praeelare

161 2083 263 2163 itidem
279 2085 510 2171 demonstratur.¹
550 2087 627 2146 Nam
638 2088 773 2149 Ciceroni
786 2098 816 2149 et
830 2088 895 2147 aliis
912 2087 1104 2167 scriptoribus
1122 2089 1260 2167 exempla

158 2180 230 2269 ista,
244 2201 312 2260 qnae
325 2183 479 2263 proposuit
493 2185 596 2257 Antor,
613 2185 715 2264 ignota
731 2198 810 2257 sunt,
826 2204 881 2250 uec
896 2205 913 2244 a
928 2185 1013 2244 nobis
1028 2185 1116 2245 hodie
1131 2205 1257 2264 usquam

101 2318 104 2323 -
162 2266 295 2351 adhiberi
320 2290 455 2358 possunt,
487 2292 517 2340 et
546 2281 643 2342 minus
670 2280 902 2341 addubitatiouis
933 2281 1055 2352 habeut,
1091 2301 1179 2360 quarn
1209 2281 1260 2340 ille

161 2375 320 2443 Tursellini
339 2397 399 2436 non
412 2378 589 2439 modo-sed
600 2381 698 2451 etium,
713 2381 810 2460 magis
822 2398 920 2458 quam,
936 2380 1033 2458 magis
1047 2381 1084 2452 si,
1100 2390 1130 2437 et
1143 2378 1261 2439 similia.

163 2472 309 2542 Quocirca
324 2492 429 2532 moneo
446 2474 656 2547 Fasciolatum‚
669 2485 704 2536 ut
718 2477 871 2538 verborum
881 2475 1065 2539 definitiones
1076 2476 1156 2554 prius
1165 2478 1262 2537 animo

161 2579 268 2639 verset,
286 2589 375 2648 quam
401 2570 527 2637 scribat:
562 2571 690 2650 alioquin
715 2591 770 2651 ego
795 2571 867 2631 nihil
890 2572 917 2630 ei
942 2591 978 2630 ue
1004 2591 1022 2630 a
1049 2572 1260 2654 discipulorum

160 2665 280 2752 quidem
291 2685 419 2740 meorum
430 2668 655 2747 reprehensione
666 2678 805 2747 praestare
814 2687 947 2747 possum.
989 2668 1061 2746 Ejus
1072 2688 1129 2748 ego
1137 2671 1257 2748 quidem

157 2763 273 2846 judicia
287 2763 386 2823 omnia
401 2765 607 2844 magnifacio:
629 2765 683 2829 sed
698 2765 767 2844 quie
781 2764 836 2826 hos
849 2764 1012 2825 identidem
1030 2765 1260 2844 definirejubeo,

162 2878 231 2940 quae
253 2861 396 2941 cogitent,
417 2861 529 2940 legant,
553 2862 694 2922 audiant:
716 2882 827 2930 vereor,
847 2883 884 2921 ne
909 2861 1015 2921 Italum
1038 2863 1068 2921 in
1091 2873 1173 2922 tanta
1196 2864 1262 2925 lite-

162 2977 259 3017 rarum
275 2958 341 3017 luce
361 2959 474 3017 minuta
488 2959 625 3036 quaedam
639 2959 738 3021 videre
752 2980 811 3020 nou
826 2979 914 3038 posse
929 2958 1080 3019 mirentur.

204 3055 359 3114 Postremo
383 3053 522 3114 lectorem
545 3074 661 3126 moneo,
683 3067 716 3116 ut
737 3067 768 3115 et
788 3056 987 3117 Tursellinum
1009 3057 1088 3114 bunc
1103 3065 1134 3114 et
1149 3053 1173 3112 si
1189 3055 1260 3135 quid

163 3170 292 3230 uuquam
308 3149 399 3223 edidi,
412 3169 463 3231 spe
478 3152 718 3231 corrigendorum
734 3161 862 3212 errorum
878 3153 990 3212 editum
1005 3171 1071 3211 esse
1086 3152 1261 3215 meminerit·

163 3247 255 3323 Nulla
268 3245 394 3326 usquam
407 3247 531 3326 gloriola
545 3261 591 3309 est
605 3269 623 3308 a
635 3269 680 3310 me
696 3250 835 3335 appetita,
851 3269 906 3309 uec
920 3250 950 3313 in
965 3251 1053 3308 rebus
1069 3260 1130 3308 tam
1145 3249 1260 3327 exiguis

164 3342 312 3425 speranda
326 3342 452 3405 videtur.
494 3347 692 3428 Quamobrem
711 3345 803 3426 iniqui
816 3346 904 3407 animi
917 3356 964 3406 est
981 3345 1145 3405 criminatio
1160 3346 1262 3405 Facci·

163 3441 247 3516 oleti,
271 3460 314 3500 me
333 3442 410 3503 uires
422 3462 519 3503 omnes
532 3461 686 3523 annosque
709 3444 827 3523 ingenii
844 3443 1039 3516 contendisse,
1064 3451 1099 3503 ut
1121 3442 1263 3503 luberent

164 3536 239 3599 Itali
252 3538 332 3619 quod
351 3539 425 3599 milti
447 3539 624 3600 inciderent.
668 3541 702 3599 lu
728 3541 815 3600 rebus
840 3551 897 3600 tam
924 3540 1021 3618 parvis
1047 3539 1119 3598 nihil
1142 3539 1261 3599 invidiae

161 3634 230 3696 loci.
271 3633 331 3695 Sed
351 3653 406 3692 sua
420 3654 535 3714 semper
548 3636 715 3697 Tursellino
730 3637 796 3696 laus
821 3656 839 3695 a
860 3656 906 3705 me
926 3637 980 3696 erit
1003 3637 1129 3714 integra.
1172 3636 1261 3704 Quod

163 3741 259 3793 autern
275 3730 368 3790 multa
382 3741 452 3790 sunt
465 3732 630 3792 Tursellino
645 3733 759 3807 addita,
774 3733 841 3794 ideo
856 3734 1037 3804 factumest,
1052 3744 1136 3792 utne
1152 3732 1262 3791 diutius

99 3857 101 3861 ⁷
163 3827 402 3890 desiderarentur
436 3829 614 3902 necessaria,
650 3839 681 3903 et
707 3844 740 3890 ut
765 3830 922 3891 discrimen
956 3850 1028 3899 usus
1053 3829 1263 3908 particularum

163 3945 260 3987 aureae
278 3935 309 3984 et
324 3933 473 4004 argentean
496 3911 752 4008 estatisorigines
776 3927 1034 4008 significationum,
1056 3926 1141 3996 situs,
1163 3926 1263 3984 cohes-

162 4023 257 4084 remia
270 4030 482 4102 respectusque
497 4034 617 4083 mutuus
632 4026 818 4103 quorundam
832 4026 997 4097 verborum,
1013 4034 1043 4083 et
1058 4021 1166 4083 similla
1181 4023 1263 4081 hisce

164 4120 221 4181 alia
231 4118 325 4198 magis
339 4119 492 4198 magisque
507 4121 752 4202 perspicerentur.
793 4123 825 4182 Si
836 4122 900 4180 baec
916 4122 986 4180 talia
999 4121 1150 4180 fructuosa
1165 4128 1264 4198 putes,

165 4219 269 4293 lector,
301 4215 552 4287 adolescentulis;
593 4239 712 4300 aequum
743 4219 812 4279 milri
844 4219 971 4279 animum
998 4227 1140 4297 praestare
1173 4236 1263 4296 perge
