<?xml version="1.0" encoding="UTF-8"?>
<!DOCTYPE html PUBLIC "-//W3C//DTD XHTML 1.0 Transitional//EN"
    "http://www.w3.org/TR/xhtml1/DTD/xhtml1-transitional.dtd">
<html xmlns="http://www.w3.org/1999/xhtml" xml:lang="en" lang="en">
 <head>
  <title>
</title>
<meta http-equiv="Content-Type" content="text/html;charset=utf-8" />
  <meta name='ocr-system' content='tesseract 3.04.00' />
  <meta name='ocr-capabilities' content='ocr_page ocr_carea ocr_par ocr_line ocrx_word'/>
</head>
<body>
  <div class='ocr_page' id='page_1' title='image "./horatiiturselli00schwgoog/horatiiturselli00schwgoog_0151.png"; bbox 0 0 2670 4636; ppageno 0'>
   <div class='ocr_carea' id='block_1_1' title="bbox 185 201 1277 281">
    <p class='ocr_par' dir='ltr' id='par_1_1' title="bbox 185 201 1277 281">
     <span class='ocr_line' id='line_1_1' title="bbox 185 201 1277 281; baseline -0.006 -9"><span class='ocrx_word' id='word_1_1' title='bbox 185 217 242 272; x_wconf 83' lang='lat'><strong><em>144</em></strong></span> <span class='ocrx_word' id='word_1_2' title='bbox 466 205 638 267; x_wconf 78' lang='lat' dir='ltr'><strong><em>uoaaru</em></strong></span> <span class='ocrx_word' id='word_1_3' title='bbox 670 201 911 266; x_wconf 77' lang='lat' dir='ltr'><strong><em>russanum</em></strong></span> <span class='ocrx_word' id='word_1_4' title='bbox 1187 210 1277 281; x_wconf 65' lang='lat' dir='ltr'><strong><em>[sin.</em></strong></span> 
     </span>
    </p>
   </div>
   <div class='ocr_carea' id='block_1_2' title="bbox 75 349 1272 421">
    <p class='ocr_par' dir='ltr' id='par_1_2' title="bbox 75 349 1272 421">
     <span class='ocr_line' id='line_1_2' title="bbox 75 349 1272 421; baseline -0.007 -15"><span class='ocrx_word' id='word_1_5' title='bbox 75 382 77 385; x_wconf 96' lang='lat'>·</span> <span class='ocrx_word' id='word_1_6' title='bbox 177 360 206 406; x_wconf 86' lang='lat' dir='ltr'><strong><em>dc</em></strong></span> <span class='ocrx_word' id='word_1_7' title='bbox 219 355 271 421; x_wconf 81' lang='lat' dir='ltr'><strong><em>Off·</em></strong></span> <span class='ocrx_word' id='word_1_8' title='bbox 282 371 305 403; x_wconf 84' lang='lat' dir='ltr'><strong><em>c.</em></strong></span> <span class='ocrx_word' id='word_1_9' title='bbox 317 359 354 404; x_wconf 91' lang='grc'><strong><em>15.</em></strong></span> <span class='ocrx_word' id='word_1_10' title='bbox 374 353 495 403; x_wconf 86' lang='lat' dir='ltr'><strong><em>Colendus</em></strong></span> <span class='ocrx_word' id='word_1_11' title='bbox 513 361 552 400; x_wconf 87' lang='lat' dir='ltr'><strong><em>est</em></strong></span> <span class='ocrx_word' id='word_1_12' title='bbox 566 353 601 400; x_wconf 86' lang='lat' dir='ltr'><strong><em>ita</em></strong></span> <span class='ocrx_word' id='word_1_13' title='bbox 617 352 717 414; x_wconf 85' lang='lat' dir='ltr'><strong><em>quisque</em></strong></span> <span class='ocrx_word' id='word_1_14' title='bbox 736 349 846 406; x_wconf 78' lang='lat' dir='ltr'>maxime,</span> <span class='ocrx_word' id='word_1_15' title='bbox 864 358 892 398; x_wconf 93' lang='lat' dir='ltr'><strong><em>ut</em></strong></span> <span class='ocrx_word' id='word_1_16' title='bbox 912 352 1012 415; x_wconf 85' lang='lat' dir='ltr'><strong><em>quisque</em></strong></span> <span class='ocrx_word' id='word_1_17' title='bbox 1030 350 1130 399; x_wconf 82' lang='lat' dir='ltr'><strong><em>maxime</em></strong></span> <span class='ocrx_word' id='word_1_18' title='bbox 1147 351 1272 406; x_wconf 87' lang='lat' dir='ltr'><strong><em>modestia,</em></strong></span> 
     </span>
    </p>
   </div>
   <div class='ocr_carea' id='block_1_3' title="bbox 177 415 1274 549">
    <p class='ocr_par' dir='ltr' id='par_1_3' title="bbox 177 415 1274 549">
     <span class='ocr_line' id='line_1_3' title="bbox 177 415 1274 486; baseline -0.005 -18"><span class='ocrx_word' id='word_1_19' title='bbox 177 419 343 486; x_wconf 76' lang='lat' dir='ltr'><strong>temperantia,</strong></span> <span class='ocrx_word' id='word_1_20' title='bbox 354 434 382 467; x_wconf 89' lang='lat' dir='ltr'><strong><em>aa</em></strong></span> <span class='ocrx_word' id='word_1_21' title='bbox 392 419 453 480; x_wconf 87' lang='lat' dir='ltr'><strong><em>ipsa,</em></strong></span> <span class='ocrx_word' id='word_1_22' title='bbox 467 418 497 464; x_wconf 93' lang='lat' dir='ltr'><strong><em>de</em></strong></span> <span class='ocrx_word' id='word_1_23' title='bbox 508 432 555 479; x_wconf 88' lang='lat' dir='ltr'><strong><em>qua</em></strong></span> <span class='ocrx_word' id='word_1_24' title='bbox 561 416 613 480; x_wconf 88' lang='lat' dir='ltr'><strong><em>jam</em></strong></span> <span class='ocrx_word' id='word_1_25' title='bbox 623 417 700 463; x_wconf 87' lang='lat' dir='ltr'><strong><em>multa</em></strong></span> <span class='ocrx_word' id='word_1_26' title='bbox 707 415 772 461; x_wconf 87' lang='lat' dir='ltr'><strong><em>dicta</em></strong></span> <span class='ocrx_word' id='word_1_27' title='bbox 786 422 850 469; x_wconf 87' lang='lat' dir='ltr'><strong><em>sunt,</em></strong></span> <span class='ocrx_word' id='word_1_28' title='bbox 861 415 957 478; x_wconf 86' lang='lat' dir='ltr'><strong><em>justitia</em></strong></span> <span class='ocrx_word' id='word_1_29' title='bbox 976 424 1072 464; x_wconf 88' lang='lat' dir='ltr'><strong><em>ornatus</em></strong></span> <span class='ocrx_word' id='word_1_30' title='bbox 1083 416 1138 464; x_wconf 83' lang='lat' dir='ltr'><strong><em>erit.</em></strong></span> <span class='ocrx_word' id='word_1_31' title='bbox 1173 415 1240 468; x_wconf 88' lang='lat' dir='ltr'><strong><em>1d.l.</em></strong></span> <span class='ocrx_word' id='word_1_32' title='bbox 1250 419 1274 464; x_wconf 79' lang='grc'><strong><em>7.</em></strong></span> 
     </span>
     <span class='ocr_line' id='line_1_4' title="bbox 177 479 978 549; baseline -0.01 -13"><span class='ocrx_word' id='word_1_33' title='bbox 177 485 232 536; x_wconf 78' lang='lat' dir='ltr'><strong><em>Act.</em></strong></span> <span class='ocrx_word' id='word_1_34' title='bbox 242 501 278 549; x_wconf 87' lang='lat' dir='ltr'><strong><em>ep.</em></strong></span> <span class='ocrx_word' id='word_1_35' title='bbox 295 490 320 534; x_wconf 98' lang='grc'><strong><em>2.</em></strong></span> <span class='ocrx_word' id='word_1_36' title='bbox 336 491 360 531; x_wconf 84' lang='lat' dir='ltr'><strong><em>et</em></strong></span> <span class='ocrx_word' id='word_1_37' title='bbox 371 483 388 530; x_wconf 89' lang='lat' dir='ltr'><strong><em>l.</em></strong></span> <span class='ocrx_word' id='word_1_38' title='bbox 397 487 421 531; x_wconf 80' lang='grc'><strong><em>9.</em></strong></span> <span class='ocrx_word' id='word_1_39' title='bbox 441 483 488 536; x_wconf 76' lang='lat' dir='ltr'><strong><em>Qu.</em></strong></span> <span class='ocrx_word' id='word_1_40' title='bbox 501 483 546 530; x_wconf 81' lang='lat' dir='ltr'><strong><em>Fr.</em></strong></span> <span class='ocrx_word' id='word_1_41' title='bbox 557 496 594 543; x_wconf 86' lang='lat' dir='ltr'><strong><em>ep.</em></strong></span> <span class='ocrx_word' id='word_1_42' title='bbox 605 487 629 530; x_wconf 88' lang='grc'><strong><em>5.</em></strong></span> <span class='ocrx_word' id='word_1_43' title='bbox 641 487 668 527; x_wconf 90' lang='lat' dir='ltr'><strong><em>et</em></strong></span> <span class='ocrx_word' id='word_1_44' title='bbox 681 494 726 541; x_wconf 86' lang='lat' dir='ltr'><strong><em>pra</em></strong></span> <span class='ocrx_word' id='word_1_45' title='bbox 743 481 790 540; x_wconf 86' lang='lat' dir='ltr'><strong><em>leg.</em></strong></span> <span class='ocrx_word' id='word_1_46' title='bbox 805 479 893 528; x_wconf 79' lang='lat' dir='ltr'><strong><em>Marcii.</em></strong></span> <span class='ocrx_word' id='word_1_47' title='bbox 904 496 926 531; x_wconf 90' lang='lat' dir='ltr'><strong><em>o.</em></strong></span> <span class='ocrx_word' id='word_1_48' title='bbox 939 484 978 529; x_wconf 77' lang='lat' dir='ltr'><strong><em>lt.</em></strong></span> 
     </span>
    </p>
   </div>
   <div class='ocr_carea' id='block_1_4' title="bbox 435 581 1018 648">
    <p class='ocr_par' dir='ltr' id='par_1_4' title="bbox 435 581 1018 648">
     <span class='ocr_line' id='line_1_5' title="bbox 435 581 1018 648; baseline 0 -16"><span class='ocrx_word' id='word_1_49' title='bbox 435 588 459 632; x_wconf 92' lang='grc'><strong><em>2.</em></strong></span> <span class='ocrx_word' id='word_1_50' title='bbox 476 587 535 634; x_wconf 83' lang='lat' dir='ltr'><strong><em>Jam</em></strong></span> <span class='ocrx_word' id='word_1_51' title='bbox 545 583 629 648; x_wconf 53' lang='lat' dir='ltr'><strong><em>adam</em></strong></span> <span class='ocrx_word' id='word_1_52' title='bbox 639 583 668 633; x_wconf 87' lang='lat' dir='ltr'><strong><em>ab</em></strong></span> <span class='ocrx_word' id='word_1_53' title='bbox 680 581 798 646; x_wconf 76' lang='lat' dir='ltr'><strong><em>praterito</em></strong></span> <span class='ocrx_word' id='word_1_54' title='bbox 808 583 912 645; x_wconf 79' lang='lat' dir='ltr'>tempori</span> <span class='ocrx_word' id='word_1_55' title='bbox 924 583 1018 646; x_wconf 90' lang='lat' dir='ltr'><strong><em>juncta.</em></strong></span> 
     </span>
    </p>
   </div>
   <div class='ocr_carea' id='block_1_5' title="bbox 176 660 1274 1051">
    <p class='ocr_par' dir='ltr' id='par_1_5' title="bbox 176 660 1274 1051">
     <span class='ocr_line' id='line_1_6' title="bbox 209 660 1274 738; baseline -0.006 -24"><span class='ocrx_word' id='word_1_56' title='bbox 209 672 267 719; x_wconf 84' lang='lat' dir='ltr'><strong><em>Jam</em></strong></span> <span class='ocrx_word' id='word_1_57' title='bbox 276 665 377 729; x_wconf 87' lang='lat' dir='ltr'><strong><em>tempori</em></strong></span> <span class='ocrx_word' id='word_1_58' title='bbox 391 666 511 728; x_wconf 84' lang='lat' dir='ltr'><strong><em>praeterito</em></strong></span> <span class='ocrx_word' id='word_1_59' title='bbox 526 666 645 738; x_wconf 83' lang='lat' dir='ltr'><strong><em>junctum,</em></strong></span> <span class='ocrx_word' id='word_1_60' title='bbox 660 678 723 725; x_wconf 79' lang='lat' dir='ltr'><strong><em>saepe</em></strong></span> <span class='ocrx_word' id='word_1_61' title='bbox 734 660 896 725; x_wconf 78' lang='lat' dir='ltr'><strong><em>praepositioni</em></strong></span> <span class='ocrx_word' id='word_1_62' title='bbox 909 679 925 712; x_wconf 90' lang='lat' dir='ltr'><strong><em>a</em></strong></span> <span class='ocrx_word' id='word_1_63' title='bbox 934 666 974 711; x_wconf 87' lang='lat' dir='ltr'><strong><em>vel</em></strong></span> <span class='ocrx_word' id='word_1_64' title='bbox 983 664 1012 713; x_wconf 83' lang='lat' dir='ltr'><strong><em>ab</em></strong></span> <span class='ocrx_word' id='word_1_65' title='bbox 1031 664 1165 724; x_wconf 88' lang='lat' dir='ltr'><strong><em>copulatur.</em></strong></span> <span class='ocrx_word' id='word_1_66' title='bbox 1191 663 1243 710; x_wconf 85' lang='lat' dir='ltr'><strong><em>Cic.</em></strong></span> <span class='ocrx_word' id='word_1_67' title='bbox 1258 663 1274 708; x_wconf 92' lang='lat' dir='ltr'><strong><em>l.</em></strong></span> 
     </span>
     <span class='ocr_line' id='line_1_7' title="bbox 177 726 1274 793; baseline -0.01 -11"><span class='ocrx_word' id='word_1_68' title='bbox 177 737 201 781; x_wconf 90' lang='lat'><strong><em>1.</em></strong></span> <span class='ocrx_word' id='word_1_69' title='bbox 212 734 280 782; x_wconf 86' lang='lat' dir='ltr'><strong><em>Fam·</em></strong></span> <span class='ocrx_word' id='word_1_70' title='bbox 296 746 332 793; x_wconf 85' lang='lat' dir='ltr'><strong><em>ep.</em></strong></span> <span class='ocrx_word' id='word_1_71' title='bbox 343 735 368 778; x_wconf 85' lang='lat'><strong><em>9.</em></strong></span> <span class='ocrx_word' id='word_1_72' title='bbox 385 731 464 777; x_wconf 80' lang='lat' dir='ltr'><strong><em>Musae</em></strong></span> <span class='ocrx_word' id='word_1_73' title='bbox 475 731 515 776; x_wconf 79' lang='lat' dir='ltr'><strong><em>me</em></strong></span> <span class='ocrx_word' id='word_1_74' title='bbox 522 745 572 791; x_wconf 80' lang='lat' dir='ltr'><strong><em>Jam</em></strong></span> <span class='ocrx_word' id='word_1_75' title='bbox 584 744 599 775; x_wconf 90' lang='lat' dir='ltr'><strong><em>a</em></strong></span> <span class='ocrx_word' id='word_1_76' title='bbox 609 728 686 790; x_wconf 84' lang='lat' dir='ltr'><strong><em>prima</em></strong></span> <span class='ocrx_word' id='word_1_77' title='bbox 698 727 860 774; x_wconf 84' lang='lat' dir='ltr'><strong><em>adolescentia</em></strong></span> <span class='ocrx_word' id='word_1_78' title='bbox 870 729 1027 777; x_wconf 76' lang='lat' dir='ltr'><strong>delectarunt.</strong></span> <span class='ocrx_word' id='word_1_79' title='bbox 1052 731 1093 776; x_wconf 87' lang='lat' dir='ltr'><strong><em>Id.</em></strong></span> <span class='ocrx_word' id='word_1_80' title='bbox 1104 743 1149 790; x_wconf 84' lang='lat' dir='ltr'><strong><em>pro</em></strong></span> <span class='ocrx_word' id='word_1_81' title='bbox 1164 726 1237 776; x_wconf 81' lang='lat' dir='ltr'><strong><em>Ball.</em></strong></span> <span class='ocrx_word' id='word_1_82' title='bbox 1253 742 1274 772; x_wconf 94' lang='lat' dir='ltr'><strong><em>c.</em></strong></span> 
     </span>
     <span class='ocr_line' id='line_1_8' title="bbox 177 787 1272 856; baseline -0.006 -9"><span class='ocrx_word' id='word_1_83' title='bbox 177 801 217 847; x_wconf 85' lang='grc'><strong><em>13.</em></strong></span> <span class='ocrx_word' id='word_1_84' title='bbox 233 795 286 843; x_wconf 90' lang='lat' dir='ltr'><strong><em>Jam</em></strong></span> <span class='ocrx_word' id='word_1_85' title='bbox 297 809 311 842; x_wconf 88' lang='lat' dir='ltr'><strong><em>a</em></strong></span> <span class='ocrx_word' id='word_1_86' title='bbox 327 793 442 856; x_wconf 85' lang='lat' dir='ltr'><strong><em>principio</em></strong></span> <span class='ocrx_word' id='word_1_87' title='bbox 452 793 555 841; x_wconf 87' lang='lat' dir='ltr'><strong><em>nominis</em></strong></span> <span class='ocrx_word' id='word_1_88' title='bbox 573 793 685 840; x_wconf 86' lang='lat' dir='ltr'><strong><em>Romani.</em></strong></span> <span class='ocrx_word' id='word_1_89' title='bbox 695 792 763 850; x_wconf 82' lang='lat' dir='ltr'><strong><em>from</em></strong></span> <span class='ocrx_word' id='word_1_90' title='bbox 779 791 818 838; x_wconf 83' lang='lat' dir='ltr'><strong><em>iba</em></strong></span> <span class='ocrx_word' id='word_1_91' title='bbox 829 805 885 854; x_wconf 78' lang='lat' dir='ltr'><strong><em>very</em></strong></span> <span class='ocrx_word' id='word_1_92' title='bbox 893 793 974 852; x_wconf 71' lang='lat' dir='ltr'><strong><em>osigia</em></strong></span> <span class='ocrx_word' id='word_1_93' title='bbox 984 792 1012 852; x_wconf 75' lang='lat' dir='ltr'><strong><em>as</em></strong></span> <span class='ocrx_word' id='word_1_94' title='bbox 1020 793 1061 841; x_wconf 81' lang='lat' dir='ltr'><strong><em>tlte</em></strong></span> <span class='ocrx_word' id='word_1_95' title='bbox 1072 793 1166 840; x_wconf 74' lang='lat' dir='ltr'><strong><em>naam</em></strong></span> <span class='ocrx_word' id='word_1_96' title='bbox 1172 787 1272 854; x_wconf 58' lang='lat' dir='ltr'><strong><em>pamas</em></strong></span> 
     </span>
     <span class='ocr_line' id='line_1_9' title="bbox 177 854 1272 920; baseline -0.006 -12"><span class='ocrx_word' id='word_1_97' title='bbox 177 862 217 910; x_wconf 90' lang='lat' dir='ltr'><strong><em>Id.</em></strong></span> <span class='ocrx_word' id='word_1_98' title='bbox 228 860 245 906; x_wconf 92' lang='lat' dir='ltr'><strong><em>l.</em></strong></span> <span class='ocrx_word' id='word_1_99' title='bbox 258 862 282 906; x_wconf 90' lang='grc'><strong><em>2.</em></strong></span> <span class='ocrx_word' id='word_1_100' title='bbox 299 859 367 906; x_wconf 85' lang='lat' dir='ltr'><strong><em>Fam.</em></strong></span> <span class='ocrx_word' id='word_1_101' title='bbox 378 873 413 920; x_wconf 81' lang='lat' dir='ltr'><strong><em>cp.</em></strong></span> <span class='ocrx_word' id='word_1_102' title='bbox 423 862 463 906; x_wconf 98' lang='grc'><strong><em>16.</em></strong></span> <span class='ocrx_word' id='word_1_103' title='bbox 480 858 628 905; x_wconf 62' lang='lat' dir='ltr'><strong><em>Sententiam</em></strong></span> <span class='ocrx_word' id='word_1_104' title='bbox 644 870 723 903; x_wconf 86' lang='lat' dir='ltr'><strong><em>meam</em></strong></span> <span class='ocrx_word' id='word_1_105' title='bbox 740 854 896 902; x_wconf 85' lang='lat' dir='ltr'><strong><em>tufaoillime</em></strong></span> <span class='ocrx_word' id='word_1_106' title='bbox 913 858 1048 919; x_wconf 79' lang='lat' dir='ltr'>perspicere</span> <span class='ocrx_word' id='word_1_107' title='bbox 1064 854 1166 919; x_wconf 88' lang='lat' dir='ltr'><strong><em>potuisti</em></strong></span> <span class='ocrx_word' id='word_1_108' title='bbox 1177 855 1228 918; x_wconf 87' lang='lat' dir='ltr'><strong><em>jam</em></strong></span> <span class='ocrx_word' id='word_1_109' title='bbox 1244 855 1272 901; x_wconf 89' lang='lat' dir='ltr'><strong><em>ab</em></strong></span> 
     </span>
     <span class='ocr_line' id='line_1_10' title="bbox 176 914 1273 983; baseline -0.005 -13"><span class='ocrx_word' id='word_1_110' title='bbox 176 923 218 970; x_wconf 88' lang='lat' dir='ltr'><strong><em>illo</em></strong></span> <span class='ocrx_word' id='word_1_111' title='bbox 234 931 350 983; x_wconf 85' lang='lat' dir='ltr'><strong><em>tempore,</em></strong></span> <span class='ocrx_word' id='word_1_112' title='bbox 368 938 421 969; x_wconf 90' lang='lat' dir='ltr'><strong><em>cum</em></strong></span> <span class='ocrx_word' id='word_1_113' title='bbox 438 921 464 970; x_wconf 91' lang='lat' dir='ltr'><strong><em>in</em></strong></span> <span class='ocrx_word' id='word_1_114' title='bbox 475 922 611 970; x_wconf 87' lang='lat' dir='ltr'><strong><em>Cumanum</em></strong></span> <span class='ocrx_word' id='word_1_115' title='bbox 625 919 682 966; x_wconf 88' lang='lat' dir='ltr'><strong><em>mihi</em></strong></span> <span class='ocrx_word' id='word_1_116' title='bbox 701 918 795 966; x_wconf 81' lang='lat' dir='ltr'><strong><em>obviam</em></strong></span> <span class='ocrx_word' id='word_1_117' title='bbox 814 919 909 967; x_wconf 85' lang='lat' dir='ltr'><strong><em>venisti·</em></strong></span> <span class='ocrx_word' id='word_1_118' title='bbox 941 914 1034 970; x_wconf 55' lang='grc' dir='ltr'><strong><em>ΗΜ.</em></strong></span> <span class='ocrx_word' id='word_1_119' title='bbox 1051 920 1068 969; x_wconf 91' lang='grc' dir='ltr'><strong><em>Ι.</em></strong></span> <span class='ocrx_word' id='word_1_120' title='bbox 1079 924 1105 969; x_wconf 65' lang='lat' dir='ltr'><strong><em>si.</em></strong></span> <span class='ocrx_word' id='word_1_121' title='bbox 1117 921 1188 970; x_wconf 74' lang='lat' dir='ltr'><strong><em>Fam.</em></strong></span> <span class='ocrx_word' id='word_1_122' title='bbox 1205 935 1241 982; x_wconf 86' lang='lat' dir='ltr'><strong><em>ep.</em></strong></span> <span class='ocrx_word' id='word_1_123' title='bbox 1250 922 1273 966; x_wconf 84' lang='grc'><strong><em>7.</em></strong></span> 
     </span>
     <span class='ocr_line' id='line_1_11' title="bbox 178 987 391 1051; baseline -0.014 -16"><span class='ocrx_word' id='word_1_124' title='bbox 178 987 324 1051; x_wconf 84' lang='lat' dir='ltr'><strong><em>etpraMil.</em></strong></span> <span class='ocrx_word' id='word_1_125' title='bbox 335 991 391 1035; x_wconf 84' lang='lat' dir='ltr'><strong><em>c.8.</em></strong></span> 
     </span>
    </p>
   </div>
   <div class='ocr_carea' id='block_1_6' title="bbox 481 1078 971 1150">
    <p class='ocr_par' dir='ltr' id='par_1_6' title="bbox 481 1078 971 1150">
     <span class='ocr_line' id='line_1_12' title="bbox 481 1078 971 1150; baseline -0.002 -21"><span class='ocrx_word' id='word_1_126' title='bbox 481 1085 505 1131; x_wconf 89' lang='grc'><strong><em>3.</em></strong></span> <span class='ocrx_word' id='word_1_127' title='bbox 522 1082 582 1129; x_wconf 83' lang='lat' dir='ltr'><strong><em>Jam</em></strong></span> <span class='ocrx_word' id='word_1_128' title='bbox 591 1080 647 1128; x_wconf 84' lang='lat' dir='ltr'><strong><em>inde</em></strong></span> <span class='ocrx_word' id='word_1_129' title='bbox 656 1095 672 1128; x_wconf 90' lang='lat' dir='ltr'><strong><em>a</em></strong></span> <span class='ocrx_word' id='word_1_130' title='bbox 682 1078 760 1150; x_wconf 73' lang='lat' dir='ltr'><strong><em>velab</em></strong></span> <span class='ocrx_word' id='word_1_131' title='bbox 771 1093 814 1142; x_wconf 89' lang='lat' dir='ltr'><strong><em>pro</em></strong></span> <span class='ocrx_word' id='word_1_132' title='bbox 825 1079 881 1128; x_wconf 78' lang='lat' dir='ltr'><strong><em>iada</em></strong></span> <span class='ocrx_word' id='word_1_133' title='bbox 890 1096 971 1144; x_wconf 80' lang='lat' dir='ltr'><strong><em>acque.</em></strong></span> 
     </span>
    </p>
   </div>
   <div class='ocr_carea' id='block_1_7' title="bbox 177 1159 1288 1543">
    <p class='ocr_par' dir='ltr' id='par_1_7' title="bbox 177 1159 1288 1543">
     <span class='ocr_line' id='line_1_13' title="bbox 210 1159 1274 1224; baseline -0.007 -11"><span class='ocrx_word' id='word_1_134' title='bbox 210 1166 269 1213; x_wconf 84' lang='lat' dir='ltr'><strong><em>Jam</em></strong></span> <span class='ocrx_word' id='word_1_135' title='bbox 289 1164 344 1211; x_wconf 83' lang='lat' dir='ltr'><strong><em>iada</em></strong></span> <span class='ocrx_word' id='word_1_136' title='bbox 359 1178 374 1210; x_wconf 87' lang='lat' dir='ltr'><strong><em>a</em></strong></span> <span class='ocrx_word' id='word_1_137' title='bbox 391 1161 518 1210; x_wconf 85' lang='lat' dir='ltr'><strong><em>velabest</em></strong></span> <span class='ocrx_word' id='word_1_138' title='bbox 533 1162 588 1209; x_wconf 84' lang='lat' dir='ltr'><strong><em>iada</em></strong></span> <span class='ocrx_word' id='word_1_139' title='bbox 603 1175 677 1222; x_wconf 76' lang='lat' dir='ltr'><strong><em>acque</em></strong></span> <span class='ocrx_word' id='word_1_140' title='bbox 690 1176 706 1208; x_wconf 91' lang='lat' dir='ltr'><strong><em>a</em></strong></span> <span class='ocrx_word' id='word_1_141' title='bbox 725 1160 765 1206; x_wconf 88' lang='lat' dir='ltr'><strong><em>vel</em></strong></span> <span class='ocrx_word' id='word_1_142' title='bbox 782 1159 821 1208; x_wconf 83' lang='lat' dir='ltr'><strong><em>ab.</em></strong></span> <span class='ocrx_word' id='word_1_143' title='bbox 856 1161 908 1208; x_wconf 84' lang='lat' dir='ltr'><strong><em>Cic.</em></strong></span> <span class='ocrx_word' id='word_1_144' title='bbox 919 1165 950 1210; x_wconf 83' lang='grc'><strong><em>14</em></strong></span> <span class='ocrx_word' id='word_1_145' title='bbox 963 1161 1069 1224; x_wconf 76' lang='lat' dir='ltr'><strong><em>Philipp.</em></strong></span> <span class='ocrx_word' id='word_1_146' title='bbox 1082 1177 1104 1208; x_wconf 89' lang='lat' dir='ltr'><strong><em>c.</em></strong></span> <span class='ocrx_word' id='word_1_147' title='bbox 1115 1165 1140 1209; x_wconf 91' lang='grc'><strong><em>6.</em></strong></span> <span class='ocrx_word' id='word_1_148' title='bbox 1157 1159 1181 1207; x_wconf 78' lang='grc' dir='ltr'><strong>Α</strong></span> <span class='ocrx_word' id='word_1_149' title='bbox 1199 1159 1274 1207; x_wconf 84' lang='lat' dir='ltr'><strong><em>ulaine</em></strong></span> 
     </span>
     <span class='ocr_line' id='line_1_14' title="bbox 178 1223 1274 1288; baseline -0.003 -14"><span class='ocrx_word' id='word_1_150' title='bbox 178 1243 284 1275; x_wconf 84' lang='lat' dir='ltr'><strong><em>meorum</em></strong></span> <span class='ocrx_word' id='word_1_151' title='bbox 294 1226 400 1274; x_wconf 87' lang='lat' dir='ltr'><strong><em>omnium</em></strong></span> <span class='ocrx_word' id='word_1_152' title='bbox 410 1225 564 1274; x_wconf 88' lang='lat' dir='ltr'><strong><em>consiliorum</em></strong></span> <span class='ocrx_word' id='word_1_153' title='bbox 572 1224 624 1287; x_wconf 90' lang='lat' dir='ltr'><strong><em>jam</em></strong></span> <span class='ocrx_word' id='word_1_154' title='bbox 634 1223 690 1271; x_wconf 82' lang='lat' dir='ltr'><strong><em>inde</em></strong></span> <span class='ocrx_word' id='word_1_155' title='bbox 701 1239 716 1270; x_wconf 91' lang='lat' dir='ltr'><strong><em>a</em></strong></span> <span class='ocrx_word' id='word_1_156' title='bbox 726 1225 851 1272; x_wconf 80' lang='lat' dir='ltr'>consulatu</span> <span class='ocrx_word' id='word_1_157' title='bbox 866 1240 919 1272; x_wconf 90' lang='lat' dir='ltr'><strong><em>meo</em></strong></span> <span class='ocrx_word' id='word_1_158' title='bbox 932 1225 1009 1281; x_wconf 84' lang='lat' dir='ltr'><strong><em>testis,</em></strong></span> <span class='ocrx_word' id='word_1_159' title='bbox 1020 1236 1045 1272; x_wconf 89' lang='lat' dir='ltr'><strong><em>et</em></strong></span> <span class='ocrx_word' id='word_1_160' title='bbox 1056 1223 1157 1288; x_wconf 86' lang='lat' dir='ltr'><strong><em>adjutor,</em></strong></span> <span class='ocrx_word' id='word_1_161' title='bbox 1205 1225 1274 1271; x_wconf 81' lang='lat' dir='ltr'><strong><em>loram</em></strong></span> 
     </span>
     <span class='ocr_line' id='line_1_15' title="bbox 177 1287 1288 1353; baseline -0.005 -14"><span class='ocrx_word' id='word_1_162' title='bbox 177 1291 238 1339; x_wconf 85' lang='lat' dir='ltr'><strong><em>ierre</em></strong></span> <span class='ocrx_word' id='word_1_163' title='bbox 251 1306 298 1338; x_wconf 89' lang='lat' dir='ltr'><strong><em>non</em></strong></span> <span class='ocrx_word' id='word_1_164' title='bbox 309 1291 396 1352; x_wconf 90' lang='lat' dir='ltr'><strong><em>potuit.</em></strong></span> <span class='ocrx_word' id='word_1_165' title='bbox 429 1290 469 1338; x_wconf 85' lang='lat' dir='ltr'><strong><em>Id.</em></strong></span> <span class='ocrx_word' id='word_1_166' title='bbox 478 1305 523 1353; x_wconf 81' lang='lat' dir='ltr'><strong><em>pro</em></strong></span> <span class='ocrx_word' id='word_1_167' title='bbox 534 1289 606 1337; x_wconf 82' lang='lat' dir='ltr'><strong><em>Ball.</em></strong></span> <span class='ocrx_word' id='word_1_168' title='bbox 618 1304 640 1335; x_wconf 89' lang='lat' dir='ltr'><strong><em>c.</em></strong></span> <span class='ocrx_word' id='word_1_169' title='bbox 652 1291 692 1336; x_wconf 96' lang='grc'><strong><em>13.</em></strong></span> <span class='ocrx_word' id='word_1_170' title='bbox 711 1287 732 1334; x_wconf 95' lang='grc'>0</span> <span class='ocrx_word' id='word_1_171' title='bbox 741 1287 796 1351; x_wconf 85' lang='lat' dir='ltr'><strong><em>jora</em></strong></span> <span class='ocrx_word' id='word_1_172' title='bbox 806 1288 928 1349; x_wconf 77' lang='lat' dir='ltr'><strong><em>praelum,</em></strong></span> <span class='ocrx_word' id='word_1_173' title='bbox 948 1296 1020 1350; x_wconf 88' lang='lat' dir='ltr'><strong><em>atque</em></strong></span> <span class='ocrx_word' id='word_1_174' title='bbox 1030 1288 1146 1336; x_wconf 88' lang='lat' dir='ltr'><strong><em>divinitus</em></strong></span> <span class='ocrx_word' id='word_1_175' title='bbox 1159 1288 1211 1351; x_wconf 87' lang='lat' dir='ltr'><strong><em>jam</em></strong></span> <span class='ocrx_word' id='word_1_176' title='bbox 1220 1288 1274 1335; x_wconf 87' lang='lat' dir='ltr'><strong><em>inde</em></strong></span> <span class='ocrx_word' id='word_1_177' title='bbox 1287 1295 1288 1300; x_wconf 77' lang='grc'>’</span> 
     </span>
     <span class='ocr_line' id='line_1_16' title="bbox 180 1351 1276 1418; baseline -0.005 -16"><span class='ocrx_word' id='word_1_178' title='bbox 180 1370 195 1402; x_wconf 91' lang='lat' dir='ltr'><strong><em>a</em></strong></span> <span class='ocrx_word' id='word_1_179' title='bbox 210 1355 329 1418; x_wconf 87' lang='lat' dir='ltr'><strong><em>principio</em></strong></span> <span class='ocrx_word' id='word_1_180' title='bbox 346 1353 450 1400; x_wconf 83' lang='lat' dir='ltr'><strong><em>Romani</em></strong></span> <span class='ocrx_word' id='word_1_181' title='bbox 461 1352 565 1400; x_wconf 89' lang='lat' dir='ltr'><strong><em>nominis</em></strong></span> <span class='ocrx_word' id='word_1_182' title='bbox 575 1367 590 1398; x_wconf 87' lang='lat' dir='ltr'><strong><em>a</em></strong></span> <span class='ocrx_word' id='word_1_183' title='bbox 601 1351 726 1414; x_wconf 87' lang='lat' dir='ltr'><strong><em>majoribus</em></strong></span> <span class='ocrx_word' id='word_1_184' title='bbox 740 1353 828 1398; x_wconf 89' lang='lat' dir='ltr'><strong><em>nostris</em></strong></span> <span class='ocrx_word' id='word_1_185' title='bbox 840 1360 984 1414; x_wconf 85' lang='lat' dir='ltr'><strong><em>comparata.</em></strong></span> <span class='ocrx_word' id='word_1_186' title='bbox 1016 1353 1056 1400; x_wconf 88' lang='lat' dir='ltr'><strong><em>Id.</em></strong></span> <span class='ocrx_word' id='word_1_187' title='bbox 1068 1353 1086 1399; x_wconf 88' lang='lat'><strong><em>1.</em></strong></span> <span class='ocrx_word' id='word_1_188' title='bbox 1099 1356 1139 1401; x_wconf 89' lang='grc'><strong><em>13.</em></strong></span> <span class='ocrx_word' id='word_1_189' title='bbox 1158 1353 1228 1400; x_wconf 76' lang='lat' dir='ltr'><strong><em>Fara.</em></strong></span> <span class='ocrx_word' id='word_1_190' title='bbox 1243 1367 1276 1413; x_wconf 82' lang='lat' dir='ltr'><strong><em>ep.</em></strong></span> 
     </span>
     <span class='ocr_line' id='line_1_17' title="bbox 179 1413 1274 1481; baseline -0.005 -14"><span class='ocrx_word' id='word_1_191' title='bbox 179 1423 220 1467; x_wconf 81' lang='grc'><strong><em>39.</em></strong></span> <span class='ocrx_word' id='word_1_192' title='bbox 238 1418 294 1481; x_wconf 87' lang='lat' dir='ltr'><strong><em>Ejus</em></strong></span> <span class='ocrx_word' id='word_1_193' title='bbox 305 1433 359 1465; x_wconf 91' lang='lat' dir='ltr'><strong><em>cum</em></strong></span> <span class='ocrx_word' id='word_1_194' title='bbox 376 1424 440 1479; x_wconf 84' lang='lat' dir='ltr'><strong><em>patre</em></strong></span> <span class='ocrx_word' id='word_1_195' title='bbox 451 1431 536 1476; x_wconf 83' lang='lat' dir='ltr'><strong><em>magna</em></strong></span> <span class='ocrx_word' id='word_1_196' title='bbox 546 1415 606 1462; x_wconf 86' lang='lat' dir='ltr'><strong><em>mihi</em></strong></span> <span class='ocrx_word' id='word_1_197' title='bbox 620 1416 667 1463; x_wconf 83' lang='lat' dir='ltr'><strong><em>fuit</em></strong></span> <span class='ocrx_word' id='word_1_198' title='bbox 677 1413 782 1463; x_wconf 83' lang='lat' dir='ltr'><strong><em>amicitia</em></strong></span> <span class='ocrx_word' id='word_1_199' title='bbox 797 1415 847 1477; x_wconf 90' lang='lat' dir='ltr'><strong><em>jam</em></strong></span> <span class='ocrx_word' id='word_1_200' title='bbox 858 1415 916 1463; x_wconf 90' lang='lat' dir='ltr'><strong><em>inde</em></strong></span> <span class='ocrx_word' id='word_1_201' title='bbox 927 1431 942 1463; x_wconf 89' lang='lat' dir='ltr'><strong><em>a</em></strong></span> <span class='ocrx_word' id='word_1_202' title='bbox 952 1425 1072 1478; x_wconf 80' lang='lat' dir='ltr'><strong><em>quaestura</em></strong></span> <span class='ocrx_word' id='word_1_203' title='bbox 1084 1429 1141 1463; x_wconf 83' lang='lat' dir='ltr'><strong><em>mea</em></strong></span> <span class='ocrx_word' id='word_1_204' title='bbox 1151 1415 1274 1463; x_wconf 80' lang='lat' dir='ltr'>Siciliensi.</span> 
     </span>
     <span class='ocr_line' id='line_1_18' title="bbox 179 1479 1205 1543; baseline -0.005 -12"><span class='ocrx_word' id='word_1_205' title='bbox 179 1497 236 1532; x_wconf 83' lang='lat' dir='ltr'><strong><em>ecca</em></strong></span> <span class='ocrx_word' id='word_1_206' title='bbox 252 1497 279 1530; x_wconf 88' lang='lat' dir='ltr'><strong><em>as</em></strong></span> <span class='ocrx_word' id='word_1_207' title='bbox 295 1483 351 1543; x_wconf 79' lang='lat' dir='ltr'><strong><em>long</em></strong></span> <span class='ocrx_word' id='word_1_208' title='bbox 366 1496 412 1542; x_wconf 81' lang='lat' dir='ltr'><strong><em>ago</em></strong></span> <span class='ocrx_word' id='word_1_209' title='bbox 425 1495 453 1528; x_wconf 84' lang='lat' dir='ltr'><strong><em>aa</em></strong></span> <span class='ocrx_word' id='word_1_210' title='bbox 468 1481 535 1528; x_wconf 81' lang='lat' dir='ltr'><strong><em>seben</em></strong></span> <span class='ocrx_word' id='word_1_211' title='bbox 553 1479 570 1526; x_wconf 95' lang='lat'><em>1</em></span> <span class='ocrx_word' id='word_1_212' title='bbox 584 1494 633 1528; x_wconf 82' lang='lat' dir='ltr'><strong><em>was</em></strong></span> <span class='ocrx_word' id='word_1_213' title='bbox 647 1481 750 1535; x_wconf 81' lang='lat' dir='ltr'><strong><em>Questor</em></strong></span> <span class='ocrx_word' id='word_1_214' title='bbox 761 1479 787 1527; x_wconf 91' lang='lat' dir='ltr'><strong><em>ia</em></strong></span> <span class='ocrx_word' id='word_1_215' title='bbox 799 1479 885 1543; x_wconf 79' lang='lat' dir='ltr'><strong><em>Sicily.</em></strong></span> <span class='ocrx_word' id='word_1_216' title='bbox 902 1479 1169 1542; x_wconf 67' lang='lat' dir='ltr'><strong><em>t-Tcrcat.soelpa.1.</em></strong></span> <span class='ocrx_word' id='word_1_217' title='bbox 1180 1483 1205 1527; x_wconf 91' lang='lat'><strong><em>1.</em></strong></span> 
     </span>
    </p>
   </div>
   <div class='ocr_carea' id='block_1_8' title="bbox 105 1574 1280 2508">
    <p class='ocr_par' dir='ltr' id='par_1_8' title="bbox 561 1574 880 1636">
     <span class='ocr_line' id='line_1_19' title="bbox 561 1574 880 1636; baseline 0.013 -16"><span class='ocrx_word' id='word_1_218' title='bbox 561 1575 627 1626; x_wconf 26' lang='lat'><strong><em>¹⁸4,</em></strong></span> <span class='ocrx_word' id='word_1_219' title='bbox 644 1575 701 1622; x_wconf 86' lang='lat' dir='ltr'><strong><em>Jam</em></strong></span> <span class='ocrx_word' id='word_1_220' title='bbox 711 1574 880 1636; x_wconf 82' lang='lat' dir='ltr'><strong><em>indcaaqnea.</em></strong></span> 
     </span>
    </p>

    <p class='ocr_par' dir='ltr' id='par_1_9' title="bbox 215 1641 1278 1720">
     <span class='ocr_line' id='line_1_20' title="bbox 215 1641 1278 1720; baseline -0.004 -14"><span class='ocrx_word' id='word_1_221' title='bbox 215 1658 310 1706; x_wconf 77' lang='lat' dir='ltr'><strong><em>Terent.</em></strong></span> <span class='ocrx_word' id='word_1_222' title='bbox 321 1657 412 1706; x_wconf 84' lang='lat' dir='ltr'><strong><em>Hecat.</em></strong></span> <span class='ocrx_word' id='word_1_223' title='bbox 424 1660 447 1705; x_wconf 91' lang='lat'><strong><em>1.</em></strong></span> <span class='ocrx_word' id='word_1_224' title='bbox 459 1659 483 1704; x_wconf 89' lang='lat' dir='ltr'><strong><em>l.</em></strong></span> <span class='ocrx_word' id='word_1_225' title='bbox 508 1654 572 1704; x_wconf 88' lang='lat' dir='ltr'>Mihi</span> <span class='ocrx_word' id='word_1_226' title='bbox 583 1668 669 1714; x_wconf 77' lang='lat' dir='ltr'><strong><em>magna</em></strong></span> <span class='ocrx_word' id='word_1_227' title='bbox 677 1641 731 1702; x_wconf 77' lang='lat' dir='ltr'><strong><em>oiim</em></strong></span> <span class='ocrx_word' id='word_1_228' title='bbox 742 1643 775 1700; x_wconf 86' lang='lat' dir='ltr'><strong><em>eo</em></strong></span> <span class='ocrx_word' id='word_1_229' title='bbox 786 1653 837 1716; x_wconf 87' lang='lat' dir='ltr'><strong><em>jam</em></strong></span> <span class='ocrx_word' id='word_1_230' title='bbox 846 1653 902 1702; x_wconf 87' lang='lat' dir='ltr'><strong><em>inde</em></strong></span> <span class='ocrx_word' id='word_1_231' title='bbox 918 1671 995 1717; x_wconf 87' lang='lat' dir='ltr'><strong><em>usque</em></strong></span> <span class='ocrx_word' id='word_1_232' title='bbox 1012 1671 1027 1702; x_wconf 87' lang='lat' dir='ltr'><strong><em>a</em></strong></span> <span class='ocrx_word' id='word_1_233' title='bbox 1044 1670 1118 1718; x_wconf 87' lang='lat' dir='ltr'><strong><em>puero</em></strong></span> <span class='ocrx_word' id='word_1_234' title='bbox 1129 1669 1228 1720; x_wconf 82' lang='lat' dir='ltr'><strong><em>semper</em></strong></span> <span class='ocrx_word' id='word_1_235' title='bbox 1236 1655 1278 1703; x_wconf 84' lang='lat' dir='ltr'><strong><em>init</em></strong></span> 
     </span>
    </p>

    <p class='ocr_par' dir='ltr' id='par_1_10' title="bbox 179 1722 898 1876">
     <span class='ocr_line' id='line_1_21' title="bbox 179 1722 335 1772; baseline -0.032 0"><span class='ocrx_word' id='word_1_236' title='bbox 179 1722 335 1772; x_wconf 76' lang='lat' dir='ltr'><strong><em>familiaritas.</em></strong></span> 
     </span>
     <span class='ocr_line' id='line_1_22' title="bbox 380 1790 898 1876; baseline -0.008 -12"><span class='ocrx_word' id='word_1_237' title='bbox 380 1790 384 1796; x_wconf 92' lang='lat'><strong><em>.</em></strong></span> <span class='ocrx_word' id='word_1_238' title='bbox 525 1873 529 1876; x_wconf 14' lang='grc' dir='ltr'><strong><em>Δ</em></strong></span> <span class='ocrx_word' id='word_1_239' title='bbox 557 1814 608 1863; x_wconf 72' lang='grc'><strong><em>*5.</em></strong></span> <span class='ocrx_word' id='word_1_240' title='bbox 624 1813 898 1876; x_wconf 81' lang='lat' dir='ltr'><strong><em>Jamiadeaalipailas.</em></strong></span> 
     </span>
    </p>

    <p class='ocr_par' dir='ltr' id='par_1_11' title="bbox 214 1890 1277 1956">
     <span class='ocr_line' id='line_1_23' title="bbox 214 1890 1277 1956; baseline -0.005 -11"><span class='ocrx_word' id='word_1_241' title='bbox 214 1897 298 1946; x_wconf 76' lang='lat' dir='ltr'><strong><em>Lial.</em></strong></span> <span class='ocrx_word' id='word_1_242' title='bbox 309 1900 334 1944; x_wconf 83' lang='grc'><strong><em>9.</em></strong></span> <span class='ocrx_word' id='word_1_243' title='bbox 346 1911 367 1942; x_wconf 93' lang='lat' dir='ltr'><strong><em>c.</em></strong></span> <span class='ocrx_word' id='word_1_244' title='bbox 379 1898 420 1943; x_wconf 81' lang='grc'><strong><em>29.</em></strong></span> <span class='ocrx_word' id='word_1_245' title='bbox 445 1893 539 1956; x_wconf 87' lang='lat' dir='ltr'><strong><em>Appius</em></strong></span> <span class='ocrx_word' id='word_1_246' title='bbox 552 1893 601 1955; x_wconf 88' lang='lat' dir='ltr'><strong><em>jam</em></strong></span> <span class='ocrx_word' id='word_1_247' title='bbox 618 1891 675 1939; x_wconf 82' lang='lat' dir='ltr'><strong><em>inde</em></strong></span> <span class='ocrx_word' id='word_1_248' title='bbox 694 1890 825 1952; x_wconf 84' lang='lat' dir='ltr'><strong><em>antiquitus</em></strong></span> <span class='ocrx_word' id='word_1_249' title='bbox 840 1891 937 1940; x_wconf 88' lang='lat' dir='ltr'><strong><em>insitam</em></strong></span> <span class='ocrx_word' id='word_1_250' title='bbox 954 1891 1111 1955; x_wconf 86' lang='lat' dir='ltr'><strong><em>pertinaciam</em></strong></span> <span class='ocrx_word' id='word_1_251' title='bbox 1129 1892 1227 1943; x_wconf 77' lang='lat' dir='ltr'><strong><em>familia</em></strong></span> <span class='ocrx_word' id='word_1_252' title='bbox 1239 1908 1277 1955; x_wconf 85' lang='lat' dir='ltr'><strong><em>ge-</em></strong></span> 
     </span>
    </p>

    <p class='ocr_par' dir='ltr' id='par_1_12' title="bbox 181 1956 1063 2123">
     <span class='ocr_line' id='line_1_24' title="bbox 181 1956 611 2026; baseline -0.007 -18"><span class='ocrx_word' id='word_1_253' title='bbox 181 1961 262 2026; x_wconf 84' lang='lat' dir='ltr'><strong><em>rendo,</em></strong></span> <span class='ocrx_word' id='word_1_254' title='bbox 284 1961 349 2006; x_wconf 88' lang='lat' dir='ltr'><strong><em>solus</em></strong></span> <span class='ocrx_word' id='word_1_255' title='bbox 362 1973 486 2007; x_wconf 77' lang='lat' dir='ltr'><strong><em>censuram</em></strong></span> <span class='ocrx_word' id='word_1_256' title='bbox 497 1956 611 2005; x_wconf 90' lang='lat' dir='ltr'><strong><em>obtinuit.</em></strong></span> 
     </span>
     <span class='ocr_line' id='line_1_25' title="bbox 491 2058 1063 2123; baseline -0.003 -16"><span class='ocrx_word' id='word_1_257' title='bbox 491 2108 493 2113; x_wconf 73' lang='grc'>,</span> <span class='ocrx_word' id='word_1_258' title='bbox 570 2058 622 2123; x_wconf 63' lang='grc'><strong>’,6.</strong></span> <span class='ocrx_word' id='word_1_259' title='bbox 638 2059 887 2109; x_wconf 83' lang='lat' dir='ltr'><strong><em>Jamiadcabsolute.</em></strong></span> <span class='ocrx_word' id='word_1_260' title='bbox 915 2077 916 2080; x_wconf 45' lang='lat'>¹</span> <span class='ocrx_word' id='word_1_261' title='bbox 1061 2116 1063 2120; x_wconf 23' lang='grc' dir='ltr'>ι</span> 
     </span>
    </p>

    <p class='ocr_par' dir='ltr' id='par_1_13' title="bbox 128 2139 1278 2203">
     <span class='ocr_line' id='line_1_26' title="bbox 128 2139 1278 2203; baseline -0.003 -13"><span class='ocrx_word' id='word_1_262' title='bbox 128 2169 130 2176; x_wconf 40' lang='lat'><strong>¹</strong></span> <span class='ocrx_word' id='word_1_263' title='bbox 214 2143 270 2190; x_wconf 81' lang='lat' dir='ltr'><strong><em>Lio.</em></strong></span> <span class='ocrx_word' id='word_1_264' title='bbox 281 2142 347 2190; x_wconf 79' lang='grc'><strong>124.</strong></span> <span class='ocrx_word' id='word_1_265' title='bbox 358 2156 380 2188; x_wconf 90' lang='lat' dir='ltr'><strong><em>c.</em></strong></span> <span class='ocrx_word' id='word_1_266' title='bbox 392 2141 435 2188; x_wconf 90' lang='lat' dir='ltr'><strong><em>ult.</em></strong></span> <span class='ocrx_word' id='word_1_267' title='bbox 452 2140 545 2188; x_wconf 78' lang='lat' dir='ltr'><strong>Statum</strong></span> <span class='ocrx_word' id='word_1_268' title='bbox 565 2139 669 2186; x_wconf 83' lang='lat' dir='ltr'><strong><em>civitatis</em></strong></span> <span class='ocrx_word' id='word_1_269' title='bbox 687 2155 716 2186; x_wconf 85' lang='lat' dir='ltr'><strong><em>ea</em></strong></span> <span class='ocrx_word' id='word_1_270' title='bbox 733 2139 834 2187; x_wconf 89' lang='lat' dir='ltr'><strong><em>victoria</em></strong></span> <span class='ocrx_word' id='word_1_271' title='bbox 850 2140 938 2186; x_wconf 84' lang='lat' dir='ltr'><strong><em>movit:</em></strong></span> <span class='ocrx_word' id='word_1_272' title='bbox 954 2147 982 2187; x_wconf 94' lang='lat' dir='ltr'><strong><em>ut</em></strong></span> <span class='ocrx_word' id='word_1_273' title='bbox 992 2141 1042 2203; x_wconf 88' lang='lat' dir='ltr'><strong><em>jam</em></strong></span> <span class='ocrx_word' id='word_1_274' title='bbox 1060 2139 1116 2188; x_wconf 85' lang='lat' dir='ltr'><strong><em>indo</em></strong></span> <span class='ocrx_word' id='word_1_275' title='bbox 1134 2139 1201 2188; x_wconf 91' lang='lat' dir='ltr'><strong><em>haud</em></strong></span> <span class='ocrx_word' id='word_1_276' title='bbox 1212 2156 1278 2190; x_wconf 82' lang='lat' dir='ltr'><strong><em>secas</em></strong></span> 
     </span>
    </p>

    <p class='ocr_par' dir='ltr' id='par_1_14' title="bbox 105 2203 1059 2366">
     <span class='ocr_line' id='line_1_27' title="bbox 105 2203 1059 2274; baseline -0.004 -20"><span class='ocrx_word' id='word_1_277' title='bbox 105 2266 108 2274; x_wconf 17' lang='grc'>1</span> <span class='ocrx_word' id='word_1_278' title='bbox 182 2221 251 2269; x_wconf 90' lang='lat' dir='ltr'><strong><em>quam</em></strong></span> <span class='ocrx_word' id='word_1_279' title='bbox 263 2206 289 2253; x_wconf 93' lang='lat' dir='ltr'><strong><em>in</em></strong></span> <span class='ocrx_word' id='word_1_280' title='bbox 300 2220 367 2268; x_wconf 89' lang='lat' dir='ltr'><strong><em>pace,</em></strong></span> <span class='ocrx_word' id='word_1_281' title='bbox 378 2220 416 2252; x_wconf 87' lang='lat' dir='ltr'><strong><em>res</em></strong></span> <span class='ocrx_word' id='word_1_282' title='bbox 426 2206 490 2252; x_wconf 89' lang='lat' dir='ltr'><strong><em>inter</em></strong></span> <span class='ocrx_word' id='word_1_283' title='bbox 499 2219 525 2251; x_wconf 88' lang='lat' dir='ltr'><strong><em>se</em></strong></span> <span class='ocrx_word' id='word_1_284' title='bbox 537 2205 677 2252; x_wconf 79' lang='lat' dir='ltr'><strong>contrahere</strong></span> <span class='ocrx_word' id='word_1_285' title='bbox 689 2204 813 2252; x_wconf 84' lang='lat' dir='ltr'><strong><em>vendendo</em></strong></span> <span class='ocrx_word' id='word_1_286' title='bbox 824 2203 926 2251; x_wconf 88' lang='lat' dir='ltr'><strong><em>emendo</em></strong></span> <span class='ocrx_word' id='word_1_287' title='bbox 937 2204 1059 2252; x_wconf 82' lang='lat' dir='ltr'><strong><em>auderent.</em></strong></span> 
     </span>
     <span class='ocr_line' id='line_1_28' title="bbox 466 2282 960 2366; baseline -0.002 -17"><span class='ocrx_word' id='word_1_288' title='bbox 466 2282 473 2298; x_wconf 55' lang='lat'>⁵</span> <span class='ocrx_word' id='word_1_289' title='bbox 599 2299 868 2356; x_wconf 36' lang='lat' dir='ltr'><strong><em>mmmm</em></strong></span> <span class='ocrx_word' id='word_1_290' title='bbox 958 2361 960 2366; x_wconf 66' lang='lat'>,</span> 
     </span>
    </p>

    <p class='ocr_par' dir='ltr' id='par_1_15' title="bbox 215 2374 1280 2444">
     <span class='ocr_line' id='line_1_29' title="bbox 215 2374 1280 2444; baseline -0.004 -13"><span class='ocrx_word' id='word_1_291' title='bbox 215 2383 312 2431; x_wconf 70' lang='lat' dir='ltr'><strong><em>Sation.</em></strong></span> <span class='ocrx_word' id='word_1_292' title='bbox 328 2381 405 2430; x_wconf 78' lang='lat' dir='ltr'><strong><em>iiber.</em></strong></span> <span class='ocrx_word' id='word_1_293' title='bbox 425 2396 448 2428; x_wconf 90' lang='lat' dir='ltr'><strong><em>c.</em></strong></span> <span class='ocrx_word' id='word_1_294' title='bbox 458 2385 497 2429; x_wconf 92' lang='grc'><strong><em>11.</em></strong></span> <span class='ocrx_word' id='word_1_295' title='bbox 516 2379 660 2428; x_wconf 86' lang='lat' dir='ltr'><strong><em>Amoeaitate</em></strong></span> <span class='ocrx_word' id='word_1_296' title='bbox 675 2388 701 2428; x_wconf 87' lang='lat' dir='ltr'><strong><em>et</em></strong></span> <span class='ocrx_word' id='word_1_297' title='bbox 719 2374 963 2430; x_wconf 60' lang='lat' dir='ltr'><strong><em>salubritate&#39;insulae</em></strong></span> <span class='ocrx_word' id='word_1_298' title='bbox 978 2381 1029 2444; x_wconf 88' lang='lat' dir='ltr'><strong><em>jam</em></strong></span> <span class='ocrx_word' id='word_1_299' title='bbox 1046 2380 1103 2428; x_wconf 87' lang='lat' dir='ltr'><strong><em>inde</em></strong></span> <span class='ocrx_word' id='word_1_300' title='bbox 1121 2387 1217 2444; x_wconf 84' lang='lat' dir='ltr'><strong><em>captus,</em></strong></span> <span class='ocrx_word' id='word_1_301' title='bbox 1228 2377 1280 2430; x_wconf 85' lang='lat' dir='ltr'><strong><em>curn</em></strong></span> 
     </span>
    </p>

    <p class='ocr_par' dir='ltr' id='par_1_16' title="bbox 183 2445 714 2508">
     <span class='ocr_line' id='line_1_30' title="bbox 183 2445 714 2508; baseline -0.002 -15"><span class='ocrx_word' id='word_1_302' title='bbox 183 2445 280 2494; x_wconf 86' lang='lat' dir='ltr'><strong><em>adeam</em></strong></span> <span class='ocrx_word' id='word_1_303' title='bbox 298 2446 328 2494; x_wconf 91' lang='lat' dir='ltr'><strong><em>ab</em></strong></span> <span class='ocrx_word' id='word_1_304' title='bbox 339 2445 455 2494; x_wconf 85' lang='lat' dir='ltr'><strong><em>Armenia</em></strong></span> <span class='ocrx_word' id='word_1_305' title='bbox 463 2445 558 2493; x_wconf 87' lang='lat' dir='ltr'><strong><em>rediens</em></strong></span> <span class='ocrx_word' id='word_1_306' title='bbox 572 2446 714 2508; x_wconf 77' lang='lat' dir='ltr'><strong><em>appulisset.</em></strong></span> 
     </span>
    </p>
   </div>
   <div class='ocr_carea' id='block_1_9' title="bbox 217 2540 1174 2682">
    <p class='ocr_par' dir='ltr' id='par_1_17' title="bbox 217 2540 1174 2682">
     <span class='ocr_line' id='line_1_31' title="bbox 599 2540 867 2598; baseline -0.007 -8"><span class='ocrx_word' id='word_1_307' title='bbox 599 2540 614 2598; x_wconf 59' lang='lat'><strong><em>⁴!</em></strong></span> <span class='ocrx_word' id='word_1_308' title='bbox 626 2546 650 2589; x_wconf 85' lang='grc'><strong><em>8.</em></strong></span> <span class='ocrx_word' id='word_1_309' title='bbox 667 2543 727 2590; x_wconf 84' lang='lat' dir='ltr'><strong><em>Jam</em></strong></span> <span class='ocrx_word' id='word_1_310' title='bbox 737 2542 792 2589; x_wconf 86' lang='lat' dir='ltr'><strong><em>iade</em></strong></span> <span class='ocrx_word' id='word_1_311' title='bbox 803 2545 867 2590; x_wconf 83' lang='lat' dir='ltr'><strong><em>anic.</em></strong></span> 
     </span>
     <span class='ocr_line' id='line_1_32' title="bbox 217 2602 1174 2682; baseline -0.004 -28"><span class='ocrx_word' id='word_1_312' title='bbox 217 2606 271 2654; x_wconf 72' lang='lat' dir='ltr'><strong><em>dio.</em></strong></span> <span class='ocrx_word' id='word_1_313' title='bbox 282 2607 298 2651; x_wconf 89' lang='lat' dir='ltr'><strong><em>l.</em></strong></span> <span class='ocrx_word' id='word_1_314' title='bbox 311 2609 351 2654; x_wconf 84' lang='grc'><strong><em>27.</em></strong></span> <span class='ocrx_word' id='word_1_315' title='bbox 370 2622 392 2653; x_wconf 90' lang='lat' dir='ltr'><strong><em>c.</em></strong></span> <span class='ocrx_word' id='word_1_316' title='bbox 410 2609 451 2655; x_wconf 78' lang='grc'><strong><em>47.</em></strong></span> <span class='ocrx_word' id='word_1_317' title='bbox 469 2604 605 2682; x_wconf 84' lang='lat' dir='ltr'><strong><em>Destinatis</em></strong></span> <span class='ocrx_word' id='word_1_318' title='bbox 620 2604 671 2668; x_wconf 89' lang='lat' dir='ltr'><strong><em>jam</em></strong></span> <span class='ocrx_word' id='word_1_319' title='bbox 687 2605 743 2652; x_wconf 88' lang='lat' dir='ltr'><strong><em>inde</em></strong></span> <span class='ocrx_word' id='word_1_320' title='bbox 761 2610 817 2652; x_wconf 88' lang='lat' dir='ltr'><strong><em>ante</em></strong></span> <span class='ocrx_word' id='word_1_321' title='bbox 839 2603 918 2650; x_wconf 77' lang='lat' dir='ltr'><strong><em>auimo</em></strong></span> <span class='ocrx_word' id='word_1_322' title='bbox 932 2602 1029 2652; x_wconf 83' lang='lat' dir='ltr'><strong><em>latebris</em></strong></span> <span class='ocrx_word' id='word_1_323' title='bbox 1049 2603 1174 2651; x_wconf 80' lang='lat' dir='ltr'><strong><em>subsedit.</em></strong></span> 
     </span>
    </p>
   </div>
   <div class='ocr_carea' id='block_1_10' title="bbox 614 2702 853 2763">
    <p class='ocr_par' dir='ltr' id='par_1_18' title="bbox 614 2702 853 2763">
     <span class='ocr_line' id='line_1_33' title="bbox 614 2702 853 2763; baseline -0.013 -13"><span class='ocrx_word' id='word_1_324' title='bbox 614 2702 629 2731; x_wconf 68' lang='lat'>⁸</span> <span class='ocrx_word' id='word_1_325' title='bbox 640 2707 665 2750; x_wconf 93' lang='grc'><strong><em>9.</em></strong></span> <span class='ocrx_word' id='word_1_326' title='bbox 681 2703 739 2750; x_wconf 84' lang='lat' dir='ltr'><strong><em>Jam</em></strong></span> <span class='ocrx_word' id='word_1_327' title='bbox 747 2715 819 2763; x_wconf 81' lang='lat' dir='ltr'><strong><em>aaqac</em></strong></span> <span class='ocrx_word' id='word_1_328' title='bbox 830 2717 853 2749; x_wconf 84' lang='lat' dir='ltr'><strong><em>a.</em></strong></span> 
     </span>
    </p>
   </div>
   <div class='ocr_carea' id='block_1_11' title="bbox 184 2765 1280 2922">
    <p class='ocr_par' dir='ltr' id='par_1_19' title="bbox 184 2765 1280 2922">
     <span class='ocr_line' id='line_1_34' title="bbox 217 2765 1280 2845; baseline -0.003 -14"><span class='ocrx_word' id='word_1_329' title='bbox 217 2784 276 2831; x_wconf 84' lang='lat' dir='ltr'><strong><em>Jam</em></strong></span> <span class='ocrx_word' id='word_1_330' title='bbox 283 2797 378 2844; x_wconf 78' lang='lat' dir='ltr'><strong><em>asqaca</em></strong></span> <span class='ocrx_word' id='word_1_331' title='bbox 388 2781 452 2830; x_wconf 90' lang='lat' dir='ltr'><strong><em>idem</em></strong></span> <span class='ocrx_word' id='word_1_332' title='bbox 462 2782 584 2845; x_wconf 79' lang='lat' dir='ltr'><strong><em>quodjam</em></strong></span> <span class='ocrx_word' id='word_1_333' title='bbox 594 2783 657 2831; x_wconf 84' lang='lat' dir='ltr'><strong><em>iada.</em></strong></span> <span class='ocrx_word' id='word_1_334' title='bbox 685 2782 737 2830; x_wconf 86' lang='lat' dir='ltr'><strong><em>Cic.</em></strong></span> <span class='ocrx_word' id='word_1_335' title='bbox 749 2781 763 2828; x_wconf 94' lang='lat' dir='ltr'><strong><em>l.</em></strong></span> <span class='ocrx_word' id='word_1_336' title='bbox 775 2785 798 2828; x_wconf 94' lang='lat'><strong><em>1.</em></strong></span> <span class='ocrx_word' id='word_1_337' title='bbox 809 2782 838 2828; x_wconf 88' lang='lat' dir='ltr'><strong><em>de</em></strong></span> <span class='ocrx_word' id='word_1_338' title='bbox 848 2780 933 2829; x_wconf 81' lang='lat' dir='ltr'><strong><em>Dicin.</em></strong></span> <span class='ocrx_word' id='word_1_339' title='bbox 945 2795 966 2826; x_wconf 89' lang='lat' dir='ltr'><strong><em>c.</em></strong></span> <span class='ocrx_word' id='word_1_340' title='bbox 977 2783 1000 2826; x_wconf 94' lang='grc'><strong><em>1.</em></strong></span> <span class='ocrx_word' id='word_1_341' title='bbox 1011 2778 1089 2828; x_wconf 85' lang='lat' dir='ltr'><strong><em>Vetus</em></strong></span> <span class='ocrx_word' id='word_1_342' title='bbox 1094 2765 1182 2842; x_wconf 59' lang='lat' dir='ltr'><strong><em>&#39;opinio&#39;</em></strong></span> <span class='ocrx_word' id='word_1_343' title='bbox 1191 2780 1280 2842; x_wconf 85' lang='lat' dir='ltr'><strong><em>estjam</em></strong></span> 
     </span>
     <span class='ocr_line' id='line_1_35' title="bbox 184 2844 1158 2922; baseline -0.002 -28"><span class='ocrx_word' id='word_1_344' title='bbox 184 2861 261 2908; x_wconf 84' lang='lat' dir='ltr'><strong><em>usque</em></strong></span> <span class='ocrx_word' id='word_1_345' title='bbox 272 2847 302 2894; x_wconf 97' lang='lat' dir='ltr'><strong><em>ab</em></strong></span> <span class='ocrx_word' id='word_1_346' title='bbox 313 2846 424 2895; x_wconf 85' lang='lat' dir='ltr'><strong><em>Heroicis</em></strong></span> <span class='ocrx_word' id='word_1_347' title='bbox 434 2848 508 2896; x_wconf 88' lang='lat' dir='ltr'><strong><em>dueta</em></strong></span> <span class='ocrx_word' id='word_1_348' title='bbox 518 2846 673 2922; x_wconf 84' lang='lat' dir='ltr'><strong><em>temporibus.</em></strong></span> <span class='ocrx_word' id='word_1_349' title='bbox 685 2846 754 2904; x_wconf 79' lang='lat' dir='ltr'><strong><em>from</em></strong></span> <span class='ocrx_word' id='word_1_350' title='bbox 764 2845 840 2903; x_wconf 81' lang='lat' dir='ltr'><strong><em>assor</em></strong></span> <span class='ocrx_word' id='word_1_351' title='bbox 850 2845 909 2892; x_wconf 83' lang='lat' dir='ltr'><strong><em>baclc</em></strong></span> <span class='ocrx_word' id='word_1_352' title='bbox 919 2859 946 2891; x_wconf 81' lang='lat' dir='ltr'><strong><em>aa</em></strong></span> <span class='ocrx_word' id='word_1_353' title='bbox 957 2844 996 2893; x_wconf 81' lang='lat' dir='ltr'><strong><em>ibe</em></strong></span> <span class='ocrx_word' id='word_1_354' title='bbox 1006 2844 1083 2893; x_wconf 78' lang='lat' dir='ltr'><strong><em>beroia</em></strong></span> <span class='ocrx_word' id='word_1_355' title='bbox 1092 2860 1158 2906; x_wconf 82' lang='lat' dir='ltr'><strong><em>ages.</em></strong></span> 
     </span>
    </p>
   </div>
   <div class='ocr_carea' id='block_1_12' title="bbox 588 2933 873 2980">
    <p class='ocr_par' dir='ltr' id='par_1_20' title="bbox 588 2933 873 2980">
     <span class='ocr_line' id='line_1_36' title="bbox 588 2933 873 2980; baseline -0.004 0"><span class='ocrx_word' id='word_1_356' title='bbox 588 2934 603 2963; x_wconf 67' lang='lat'>⁸</span> <span class='ocrx_word' id='word_1_357' title='bbox 616 2937 655 2980; x_wconf 88' lang='lat'><strong><em>10.</em></strong></span> <span class='ocrx_word' id='word_1_358' title='bbox 672 2933 873 2980; x_wconf 85' lang='lat' dir='ltr'><strong><em>Jam—aaadam.</em></strong></span> 
     </span>
    </p>
   </div>
   <div class='ocr_carea' id='block_1_13' title="bbox 186 3013 1282 3127">
    <p class='ocr_par' dir='ltr' id='par_1_21' title="bbox 186 3013 1282 3127">
     <span class='ocr_line' id='line_1_37' title="bbox 218 3013 1282 3124; baseline 0 -61"><span class='ocrx_word' id='word_1_359' title='bbox 218 3015 301 3124; x_wconf 57' lang='lat' dir='ltr'><strong><em>Lis-tl.</em></strong></span> <span class='ocrx_word' id='word_1_360' title='bbox 320 3020 343 3065; x_wconf 93' lang='lat' dir='ltr'><strong><em>l.</em></strong></span> <span class='ocrx_word' id='word_1_361' title='bbox 360 3031 382 3063; x_wconf 90' lang='lat' dir='ltr'><strong><em>o.</em></strong></span> <span class='ocrx_word' id='word_1_362' title='bbox 399 3019 440 3063; x_wconf 84' lang='grc'><strong><em>25.</em></strong></span> <span class='ocrx_word' id='word_1_363' title='bbox 473 3014 594 3062; x_wconf 85' lang='lat' dir='ltr'><strong><em>Romanas</em></strong></span> <span class='ocrx_word' id='word_1_364' title='bbox 610 3013 716 3075; x_wconf 82' lang='lat' dir='ltr'><strong><em>legiones</em></strong></span> <span class='ocrx_word' id='word_1_365' title='bbox 728 3013 782 3077; x_wconf 80' lang='lat' dir='ltr'><strong><em>jam.</em></strong></span> <span class='ocrx_word' id='word_1_366' title='bbox 794 3027 850 3074; x_wconf 86' lang='lat' dir='ltr'><strong><em>spes</em></strong></span> <span class='ocrx_word' id='word_1_367' title='bbox 868 3018 928 3077; x_wconf 85' lang='lat' dir='ltr'><strong><em>tota,</em></strong></span> <span class='ocrx_word' id='word_1_368' title='bbox 947 3013 1052 3060; x_wconf 88' lang='lat' dir='ltr'><strong><em>noudum</em></strong></span> <span class='ocrx_word' id='word_1_369' title='bbox 1069 3021 1152 3061; x_wconf 86' lang='lat' dir='ltr'><strong><em>tamen</em></strong></span> <span class='ocrx_word' id='word_1_370' title='bbox 1168 3029 1226 3062; x_wconf 86' lang='lat' dir='ltr'><strong><em>cura</em></strong></span> <span class='ocrx_word' id='word_1_371' title='bbox 1243 3015 1282 3063; x_wconf 89' lang='lat' dir='ltr'><strong><em>de·</em></strong></span> 
     </span>
     <span class='ocr_line' id='line_1_38' title="bbox 186 3093 298 3127; baseline 0.027 -3"><span class='ocrx_word' id='word_1_372' title='bbox 186 3093 298 3127; x_wconf 79' lang='lat' dir='ltr'><strong><em>seruam.</em></strong></span> 
     </span>
    </p>
   </div>
   <div class='ocr_carea' id='block_1_14' title="bbox 455 3163 1013 3214">
    <p class='ocr_par' dir='ltr' id='par_1_22' title="bbox 455 3163 1013 3214">
     <span class='ocr_line' id='line_1_39' title="bbox 455 3163 1013 3214; baseline -0.007 0"><span class='ocrx_word' id='word_1_373' title='bbox 455 3166 470 3195; x_wconf 67' lang='lat'>⁸</span> <span class='ocrx_word' id='word_1_374' title='bbox 482 3169 521 3214; x_wconf 91' lang='lat' dir='ltr'><strong><em>ll.</em></strong></span> <span class='ocrx_word' id='word_1_375' title='bbox 539 3167 597 3214; x_wconf 84' lang='lat' dir='ltr'><strong><em>Jam</em></strong></span> <span class='ocrx_word' id='word_1_376' title='bbox 609 3181 664 3213; x_wconf 89' lang='lat' dir='ltr'><strong><em>cum</em></strong></span> <span class='ocrx_word' id='word_1_377' title='bbox 675 3164 834 3212; x_wconf 83' lang='lat' dir='ltr'><strong><em>numeralibus</em></strong></span> <span class='ocrx_word' id='word_1_378' title='bbox 846 3163 1013 3212; x_wconf 87' lang='lat' dir='ltr'><strong><em>cardinalibus.</em></strong></span> 
     </span>
    </p>
   </div>
   <div class='ocr_carea' id='block_1_15' title="bbox 187 3242 1283 3483">
    <p class='ocr_par' dir='ltr' id='par_1_23' title="bbox 187 3242 1283 3483">
     <span class='ocr_line' id='line_1_40' title="bbox 218 3242 1283 3305; baseline 0.002 -16"><span class='ocrx_word' id='word_1_379' title='bbox 218 3243 277 3291; x_wconf 85' lang='lat' dir='ltr'><strong><em>Jam</em></strong></span> <span class='ocrx_word' id='word_1_380' title='bbox 288 3243 395 3305; x_wconf 84' lang='lat' dir='ltr'><strong><em>jungitur</em></strong></span> <span class='ocrx_word' id='word_1_381' title='bbox 412 3259 464 3291; x_wconf 87' lang='lat' dir='ltr'><strong><em>eum</em></strong></span> <span class='ocrx_word' id='word_1_382' title='bbox 480 3245 617 3292; x_wconf 87' lang='lat' dir='ltr'><strong><em>nominibus</em></strong></span> <span class='ocrx_word' id='word_1_383' title='bbox 632 3243 792 3290; x_wconf 82' lang='lat' dir='ltr'><strong><em>numeralibus</em></strong></span> <span class='ocrx_word' id='word_1_384' title='bbox 803 3242 970 3290; x_wconf 88' lang='lat' dir='ltr'><strong><em>cardinalibus.</em></strong></span> <span class='ocrx_word' id='word_1_385' title='bbox 1005 3243 1056 3291; x_wconf 80' lang='lat' dir='ltr'><strong><em>Cic.</em></strong></span> <span class='ocrx_word' id='word_1_386' title='bbox 1063 3257 1108 3304; x_wconf 81' lang='lat' dir='ltr'><strong><em>pro</em></strong></span> <span class='ocrx_word' id='word_1_387' title='bbox 1121 3245 1218 3293; x_wconf 77' lang='lat' dir='ltr'><strong><em>Clamat.</em></strong></span> <span class='ocrx_word' id='word_1_388' title='bbox 1228 3260 1250 3294; x_wconf 89' lang='lat' dir='ltr'><strong><em>c.</em></strong></span> <span class='ocrx_word' id='word_1_389' title='bbox 1261 3249 1283 3294; x_wconf 89' lang='grc'><strong><em>3.</em></strong></span> 
     </span>
     <span class='ocr_line' id='line_1_41' title="bbox 187 3305 1283 3370; baseline 0.002 -16"><span class='ocrx_word' id='word_1_390' title='bbox 187 3305 267 3354; x_wconf 86' lang='lat' dir='ltr'><strong><em>Causa</em></strong></span> <span class='ocrx_word' id='word_1_391' title='bbox 276 3307 327 3370; x_wconf 89' lang='lat' dir='ltr'><strong><em>jam</em></strong></span> <span class='ocrx_word' id='word_1_392' title='bbox 337 3322 380 3367; x_wconf 89' lang='lat' dir='ltr'><strong><em>per</em></strong></span> <span class='ocrx_word' id='word_1_393' title='bbox 396 3322 471 3354; x_wconf 88' lang='lat' dir='ltr'><strong><em>annos</em></strong></span> <span class='ocrx_word' id='word_1_394' title='bbox 488 3314 542 3355; x_wconf 86' lang='lat' dir='ltr'><strong><em>octo</em></strong></span> <span class='ocrx_word' id='word_1_395' title='bbox 558 3307 683 3355; x_wconf 86' lang='lat' dir='ltr'><strong><em>continuos</em></strong></span> <span class='ocrx_word' id='word_1_396' title='bbox 699 3321 727 3352; x_wconf 88' lang='lat' dir='ltr'><strong><em>er</em></strong></span> <span class='ocrx_word' id='word_1_397' title='bbox 744 3307 861 3353; x_wconf 88' lang='lat' dir='ltr'><strong><em>contraria</em></strong></span> <span class='ocrx_word' id='word_1_398' title='bbox 875 3315 941 3368; x_wconf 83' lang='lat' dir='ltr'><strong><em>parte</em></strong></span> <span class='ocrx_word' id='word_1_399' title='bbox 958 3306 1060 3355; x_wconf 89' lang='lat' dir='ltr'><strong><em>auditur.</em></strong></span> <span class='ocrx_word' id='word_1_400' title='bbox 1086 3309 1125 3355; x_wconf 82' lang='lat' dir='ltr'><strong><em>ld.</em></strong></span> <span class='ocrx_word' id='word_1_401' title='bbox 1142 3323 1187 3369; x_wconf 87' lang='lat' dir='ltr'><strong><em>pro</em></strong></span> <span class='ocrx_word' id='word_1_402' title='bbox 1205 3310 1283 3358; x_wconf 85' lang='lat' dir='ltr'><strong><em>Flacc.</em></strong></span> 
     </span>
     <span class='ocr_line' id='line_1_42' title="bbox 187 3369 1283 3483; baseline 0.001 -66"><span class='ocrx_word' id='word_1_403' title='bbox 187 3373 259 3483; x_wconf 43' lang='lat' dir='ltr'><strong><em>fig.</em></strong></span> <span class='ocrx_word' id='word_1_404' title='bbox 273 3369 358 3418; x_wconf 84' lang='lat' dir='ltr'><strong><em>Annos</em></strong></span> <span class='ocrx_word' id='word_1_405' title='bbox 364 3370 413 3432; x_wconf 85' lang='lat' dir='ltr'><strong><em>jam</em></strong></span> <span class='ocrx_word' id='word_1_406' title='bbox 420 3371 519 3434; x_wconf 82' lang='lat' dir='ltr'><strong><em>triginta</em></strong></span> <span class='ocrx_word' id='word_1_407' title='bbox 528 3370 554 3418; x_wconf 91' lang='lat' dir='ltr'><strong><em>in</em></strong></span> <span class='ocrx_word' id='word_1_408' title='bbox 564 3369 727 3419; x_wconf 83' lang='lat' dir='ltr'><strong><em>fororersaris.</em></strong></span> <span class='ocrx_word' id='word_1_409' title='bbox 744 3371 783 3419; x_wconf 89' lang='lat' dir='ltr'><strong><em>Id.</em></strong></span> <span class='ocrx_word' id='word_1_410' title='bbox 794 3369 852 3418; x_wconf 85' lang='lat' dir='ltr'><strong><em>ibid·</em></strong></span> <span class='ocrx_word' id='word_1_411' title='bbox 860 3385 882 3418; x_wconf 90' lang='lat' dir='ltr'><strong><em>c.</em></strong></span> <span class='ocrx_word' id='word_1_412' title='bbox 891 3375 932 3419; x_wconf 87' lang='grc'><strong><em>26.</em></strong></span> <span class='ocrx_word' id='word_1_413' title='bbox 943 3375 959 3418; x_wconf 89' lang='grc'><strong>6</strong></span> <span class='ocrx_word' id='word_1_414' title='bbox 971 3371 1077 3434; x_wconf 75' lang='lat' dir='ltr'><strong><em>Plalpp.</em></strong></span> <span class='ocrx_word' id='word_1_415' title='bbox 1088 3386 1110 3420; x_wconf 91' lang='lat' dir='ltr'><strong><em>c.</em></strong></span> <span class='ocrx_word' id='word_1_416' title='bbox 1117 3375 1142 3420; x_wconf 90' lang='grc'><strong><em>6.</em></strong></span> <span class='ocrx_word' id='word_1_417' title='bbox 1153 3375 1204 3420; x_wconf 80' lang='lat' dir='ltr'><strong><em>et2</em></strong></span> <span class='ocrx_word' id='word_1_418' title='bbox 1218 3373 1283 3422; x_wconf 75' lang='lat' dir='ltr'><strong><em>Vm.</em></strong></span> 
     </span>
    </p>
   </div>
   <div class='ocr_carea' id='block_1_16' title="bbox 467 3521 1004 3572">
    <p class='ocr_par' dir='ltr' id='par_1_24' title="bbox 467 3521 1004 3572">
     <span class='ocr_line' id='line_1_43' title="bbox 467 3521 1004 3572; baseline -0.011 0"><span class='ocrx_word' id='word_1_419' title='bbox 467 3521 479 3545; x_wconf 80' lang='lat'>⁸</span> <span class='ocrx_word' id='word_1_420' title='bbox 491 3526 531 3572; x_wconf 89' lang='grc'><strong><em>12.</em></strong></span> <span class='ocrx_word' id='word_1_421' title='bbox 547 3525 606 3572; x_wconf 83' lang='lat' dir='ltr'><strong><em>Jom</em></strong></span> <span class='ocrx_word' id='word_1_422' title='bbox 617 3531 672 3571; x_wconf 88' lang='lat' dir='ltr'><strong><em>o&#39;um</em></strong></span> <span class='ocrx_word' id='word_1_423' title='bbox 682 3522 841 3570; x_wconf 81' lang='lat' dir='ltr'><strong><em>numeralibus</em></strong></span> <span class='ocrx_word' id='word_1_424' title='bbox 852 3522 1004 3571; x_wconf 85' lang='lat' dir='ltr'><strong><em>ordinalibus.</em></strong></span> 
     </span>
    </p>
   </div>
   <div class='ocr_carea' id='block_1_17' title="bbox 188 3600 1289 3922">
    <p class='ocr_par' dir='ltr' id='par_1_25' title="bbox 188 3600 1289 3922">
     <span class='ocr_line' id='line_1_44' title="bbox 219 3600 1289 3665; baseline -0.003 -13"><span class='ocrx_word' id='word_1_425' title='bbox 219 3604 278 3652; x_wconf 83' lang='lat' dir='ltr'><strong><em>Jam</em></strong></span> <span class='ocrx_word' id='word_1_426' title='bbox 288 3600 418 3664; x_wconf 81' lang='lat' dir='ltr'><strong><em>saepissime</em></strong></span> <span class='ocrx_word' id='word_1_427' title='bbox 437 3618 492 3650; x_wconf 91' lang='lat' dir='ltr'><strong><em>cum</em></strong></span> <span class='ocrx_word' id='word_1_428' title='bbox 505 3603 666 3650; x_wconf 83' lang='lat' dir='ltr'><strong><em>numeralibus</em></strong></span> <span class='ocrx_word' id='word_1_429' title='bbox 684 3602 828 3651; x_wconf 88' lang='lat' dir='ltr'><strong><em>ordinalibus</em></strong></span> <span class='ocrx_word' id='word_1_430' title='bbox 845 3601 959 3665; x_wconf 80' lang='lat' dir='ltr'><strong><em>jungitur.</em></strong></span> <span class='ocrx_word' id='word_1_431' title='bbox 995 3602 1046 3650; x_wconf 81' lang='lat' dir='ltr'><strong><em>Cic.</em></strong></span> <span class='ocrx_word' id='word_1_432' title='bbox 1057 3601 1075 3648; x_wconf 93' lang='lat' dir='ltr'><strong><em>l.</em></strong></span> <span class='ocrx_word' id='word_1_433' title='bbox 1085 3604 1109 3649; x_wconf 88' lang='grc'><strong><em>2.</em></strong></span> <span class='ocrx_word' id='word_1_434' title='bbox 1122 3602 1193 3653; x_wconf 75' lang='lat' dir='ltr'><strong><em>Fara</em></strong></span> <span class='ocrx_word' id='word_1_435' title='bbox 1201 3617 1238 3664; x_wconf 86' lang='lat' dir='ltr'><strong><em>ep.</em></strong></span> <span class='ocrx_word' id='word_1_436' title='bbox 1250 3605 1289 3650; x_wconf 86' lang='lat'><strong><em>1⁰.</em></strong></span> 
     </span>
     <span class='ocr_line' id='line_1_45' title="bbox 188 3665 1288 3731; baseline 0.002 -19"><span class='ocrx_word' id='word_1_437' title='bbox 188 3665 304 3722; x_wconf 85' lang='lat' dir='ltr'><strong><em>Quintum</em></strong></span> <span class='ocrx_word' id='word_1_438' title='bbox 315 3673 340 3712; x_wconf 87' lang='lat' dir='ltr'><strong><em>et</em></strong></span> <span class='ocrx_word' id='word_1_439' title='bbox 349 3665 488 3728; x_wconf 81' lang='lat' dir='ltr'><strong><em>vigesimum</em></strong></span> <span class='ocrx_word' id='word_1_440' title='bbox 495 3667 544 3731; x_wconf 86' lang='lat' dir='ltr'><strong><em>jam</em></strong></span> <span class='ocrx_word' id='word_1_441' title='bbox 556 3666 619 3714; x_wconf 89' lang='lat' dir='ltr'><strong><em>diem</em></strong></span> <span class='ocrx_word' id='word_1_442' title='bbox 626 3667 764 3730; x_wconf 74' lang='lat' dir='ltr'><strong><em>aggeribus,</em></strong></span> <span class='ocrx_word' id='word_1_443' title='bbox 775 3666 860 3721; x_wconf 78' lang='lat' dir='ltr'><strong><em>vineis,</em></strong></span> <span class='ocrx_word' id='word_1_444' title='bbox 875 3666 986 3721; x_wconf 90' lang='lat' dir='ltr'><strong><em>turribus,</em></strong></span> <span class='ocrx_word' id='word_1_445' title='bbox 996 3666 1163 3728; x_wconf 82' lang='lat' dir='ltr'><strong><em>oppugnabam</em></strong></span> <span class='ocrx_word' id='word_1_446' title='bbox 1174 3666 1288 3728; x_wconf 85' lang='lat' dir='ltr'><strong><em>oppidum</em></strong></span> 
     </span>
     <span class='ocr_line' id='line_1_46' title="bbox 188 3729 1288 3793; baseline -0.001 -17"><span class='ocrx_word' id='word_1_447' title='bbox 188 3729 369 3787; x_wconf 85' lang='lat' dir='ltr'><strong><em>munitissimum</em></strong></span> <span class='ocrx_word' id='word_1_448' title='bbox 381 3730 557 3779; x_wconf 87' lang='lat' dir='ltr'><strong><em>Pindenissum.</em></strong></span> <span class='ocrx_word' id='word_1_449' title='bbox 588 3733 627 3780; x_wconf 90' lang='lat' dir='ltr'><strong><em>Id.</em></strong></span> <span class='ocrx_word' id='word_1_450' title='bbox 638 3733 655 3778; x_wconf 92' lang='lat' dir='ltr'><strong><em>l.</em></strong></span> <span class='ocrx_word' id='word_1_451' title='bbox 667 3736 691 3780; x_wconf 83' lang='grc'><strong><em>7.</em></strong></span> <span class='ocrx_word' id='word_1_452' title='bbox 704 3733 773 3782; x_wconf 83' lang='lat' dir='ltr'><strong><em>Fam·</em></strong></span> <span class='ocrx_word' id='word_1_453' title='bbox 814 3733 871 3778; x_wconf 84' lang='grc'><strong>.27.</strong></span> <span class='ocrx_word' id='word_1_454' title='bbox 888 3730 948 3778; x_wconf 86' lang='lat' dir='ltr'><strong><em>Cum</em></strong></span> <span class='ocrx_word' id='word_1_455' title='bbox 967 3729 1088 3777; x_wconf 87' lang='lat' dir='ltr'><strong><em>decimum</em></strong></span> <span class='ocrx_word' id='word_1_456' title='bbox 1099 3730 1150 3793; x_wconf 86' lang='lat' dir='ltr'><strong><em>jam</em></strong></span> <span class='ocrx_word' id='word_1_457' title='bbox 1161 3729 1225 3778; x_wconf 88' lang='lat' dir='ltr'><strong><em>diem</em></strong></span> <span class='ocrx_word' id='word_1_458' title='bbox 1237 3744 1288 3791; x_wconf 64' lang='lat' dir='ltr'><strong><em>gra7</em></strong></span> 
     </span>
     <span class='ocr_line' id='line_1_47' title="bbox 188 3793 1288 3856; baseline 0 -16"><span class='ocrx_word' id='word_1_459' title='bbox 188 3794 251 3842; x_wconf 84' lang='lat' dir='ltr'><strong><em>viter</em></strong></span> <span class='ocrx_word' id='word_1_460' title='bbox 266 3810 294 3841; x_wconf 81' lang='lat' dir='ltr'><strong><em>ex</em></strong></span> <span class='ocrx_word' id='word_1_461' title='bbox 311 3794 431 3842; x_wconf 80' lang='lat' dir='ltr'><strong><em>intestinis</em></strong></span> <span class='ocrx_word' id='word_1_462' title='bbox 446 3795 590 3852; x_wconf 79' lang='lat' dir='ltr'><strong><em>laborarem3</em></strong></span> <span class='ocrx_word' id='word_1_463' title='bbox 607 3795 658 3856; x_wconf 84' lang='lat' dir='ltr'><strong><em>iugi</em></strong></span> <span class='ocrx_word' id='word_1_464' title='bbox 669 3795 692 3840; x_wconf 92' lang='lat' dir='ltr'><strong><em>in</em></strong></span> <span class='ocrx_word' id='word_1_465' title='bbox 714 3795 792 3841; x_wconf 89' lang='lat' dir='ltr'><strong><em>Tuscu</em></strong></span> <span class='ocrx_word' id='word_1_466' title='bbox 803 3808 882 3840; x_wconf 86' lang='lat' dir='ltr'><strong><em>auum.</em></strong></span> <span class='ocrx_word' id='word_1_467' title='bbox 916 3795 955 3842; x_wconf 82' lang='lat' dir='ltr'><strong><em>id.</em></strong></span> <span class='ocrx_word' id='word_1_468' title='bbox 973 3794 989 3840; x_wconf 94' lang='lat' dir='ltr'><strong><em>l.</em></strong></span> <span class='ocrx_word' id='word_1_469' title='bbox 1002 3799 1025 3841; x_wconf 90' lang='grc'><strong><em>5.</em></strong></span> <span class='ocrx_word' id='word_1_470' title='bbox 1036 3793 1092 3841; x_wconf 81' lang='lat' dir='ltr'><strong><em>Aa.</em></strong></span> <span class='ocrx_word' id='word_1_471' title='bbox 1103 3808 1137 3856; x_wconf 78' lang='lat' dir='ltr'><strong><em>ep.</em></strong></span> <span class='ocrx_word' id='word_1_472' title='bbox 1154 3799 1178 3842; x_wconf 89' lang='lat'><strong><em>8.</em></strong></span> <span class='ocrx_word' id='word_1_473' title='bbox 1191 3800 1217 3840; x_wconf 86' lang='lat' dir='ltr'><strong><em>et</em></strong></span> <span class='ocrx_word' id='word_1_474' title='bbox 1233 3794 1250 3839; x_wconf 91' lang='lat' dir='ltr'><strong><em>l.</em></strong></span> <span class='ocrx_word' id='word_1_475' title='bbox 1264 3797 1288 3840; x_wconf 93' lang='grc'><strong><em>9.</em></strong></span> 
     </span>
     <span class='ocr_line' id='line_1_48' title="bbox 190 3857 1288 3922; baseline 0.001 -18"><span class='ocrx_word' id='word_1_476' title='bbox 190 3871 227 3918; x_wconf 85' lang='lat' dir='ltr'><strong><em>ep.</em></strong></span> <span class='ocrx_word' id='word_1_477' title='bbox 240 3862 278 3906; x_wconf 94' lang='grc'><strong><em>12.</em></strong></span> <span class='ocrx_word' id='word_1_478' title='bbox 295 3874 339 3922; x_wconf 81' lang='lat' dir='ltr'><strong><em>pro</em></strong></span> <span class='ocrx_word' id='word_1_479' title='bbox 356 3859 444 3906; x_wconf 85' lang='lat' dir='ltr'><strong><em>Maac&#39;l.</em></strong></span> <span class='ocrx_word' id='word_1_480' title='bbox 456 3874 477 3907; x_wconf 86' lang='lat' dir='ltr'><strong><em>c.</em></strong></span> <span class='ocrx_word' id='word_1_481' title='bbox 489 3865 514 3908; x_wconf 92' lang='grc'><strong><em>3.</em></strong></span> <span class='ocrx_word' id='word_1_482' title='bbox 533 3863 546 3906; x_wconf 92' lang='lat'>1</span> <span class='ocrx_word' id='word_1_483' title='bbox 562 3859 635 3907; x_wconf 84' lang='lat' dir='ltr'><strong><em>Catil.</em></strong></span> <span class='ocrx_word' id='word_1_484' title='bbox 652 3874 673 3905; x_wconf 92' lang='lat' dir='ltr'><strong><em>c.</em></strong></span> <span class='ocrx_word' id='word_1_485' title='bbox 686 3862 710 3906; x_wconf 90' lang='grc'><strong><em>2.</em></strong></span> <span class='ocrx_word' id='word_1_486' title='bbox 728 3860 790 3906; x_wconf 77' lang='lat' dir='ltr'><strong><em>Cas.</em></strong></span> <span class='ocrx_word' id='word_1_487' title='bbox 809 3858 843 3904; x_wconf 92' lang='grc' dir='ltr'><strong><em>Β.</em></strong></span> <span class='ocrx_word' id='word_1_488' title='bbox 857 3858 890 3905; x_wconf 88' lang='lat' dir='ltr'><strong><em>G.</em></strong></span> <span class='ocrx_word' id='word_1_489' title='bbox 906 3858 923 3904; x_wconf 93' lang='lat' dir='ltr'><strong><em>l.</em></strong></span> <span class='ocrx_word' id='word_1_490' title='bbox 935 3863 958 3905; x_wconf 94' lang='grc'><strong><em>5.</em></strong></span> <span class='ocrx_word' id='word_1_491' title='bbox 969 3873 991 3905; x_wconf 90' lang='lat' dir='ltr'><strong><em>o.</em></strong></span> <span class='ocrx_word' id='word_1_492' title='bbox 1002 3858 1103 3919; x_wconf 75' lang='lat'><strong><em>25.§3.</em></strong></span> <span class='ocrx_word' id='word_1_493' title='bbox 1115 3864 1139 3903; x_wconf 82' lang='lat' dir='ltr'><strong><em>et</em></strong></span> <span class='ocrx_word' id='word_1_494' title='bbox 1151 3857 1168 3904; x_wconf 92' lang='grc'><strong><em>1.</em></strong></span> <span class='ocrx_word' id='word_1_495' title='bbox 1179 3861 1204 3905; x_wconf 93' lang='grc'><strong><em>6.</em></strong></span> <span class='ocrx_word' id='word_1_496' title='bbox 1216 3873 1237 3905; x_wconf 90' lang='lat' dir='ltr'><strong><em>c.</em></strong></span> <span class='ocrx_word' id='word_1_497' title='bbox 1248 3861 1288 3905; x_wconf 88' lang='grc'><strong><em>38.</em></strong></span> 
     </span>
    </p>
   </div>
   <div class='ocr_carea' id='block_1_18' title="bbox 100 3921 576 3980">
    <p class='ocr_par' dir='ltr' id='par_1_26' title="bbox 100 3921 576 3980">
     <span class='ocr_line' id='line_1_49' title="bbox 100 3921 576 3980; baseline 0.004 -15"><span class='ocrx_word' id='word_1_498' title='bbox 100 3936 106 3953; x_wconf 74' lang='lat'><strong><em>.</em></strong></span> <span class='ocrx_word' id='word_1_499' title='bbox 191 3921 205 3980; x_wconf 82' lang='lat'>§</span> <span class='ocrx_word' id='word_1_500' title='bbox 218 3924 241 3966; x_wconf 91' lang='lat'><strong><em>1.</em></strong></span> <span class='ocrx_word' id='word_1_501' title='bbox 260 3923 311 3972; x_wconf 86' lang='lat' dir='ltr'><strong><em>Cic.</em></strong></span> <span class='ocrx_word' id='word_1_502' title='bbox 322 3923 339 3969; x_wconf 96' lang='lat' dir='ltr'><strong><em>l.</em></strong></span> <span class='ocrx_word' id='word_1_503' title='bbox 351 3926 375 3971; x_wconf 92' lang='grc'><strong><em>2.</em></strong></span> <span class='ocrx_word' id='word_1_504' title='bbox 393 3925 422 3971; x_wconf 85' lang='lat' dir='ltr'><strong><em>dc</em></strong></span> <span class='ocrx_word' id='word_1_505' title='bbox 434 3923 491 3972; x_wconf 85' lang='lat' dir='ltr'><strong><em>Fia.</em></strong></span> <span class='ocrx_word' id='word_1_506' title='bbox 502 3939 523 3969; x_wconf 90' lang='lat' dir='ltr'><strong><em>c.</em></strong></span> <span class='ocrx_word' id='word_1_507' title='bbox 536 3926 576 3970; x_wconf 89' lang='grc'><strong><em>29.</em></strong></span> 
     </span>
    </p>
   </div>
   <div class='ocr_carea' id='block_1_19' title="bbox 189 4131 1288 4264">
    <p class='ocr_par' dir='ltr' id='par_1_27' title="bbox 189 4131 1288 4264">
     <span class='ocr_line' id='line_1_50' title="bbox 221 4131 1288 4200; baseline 0.003 -22"><span class='ocrx_word' id='word_1_508' title='bbox 221 4131 233 4163; x_wconf 89' lang='lat'><strong>⁶</strong></span> <span class='ocrx_word' id='word_1_509' title='bbox 253 4133 369 4188; x_wconf 84' lang='lat' dir='ltr'><strong><em>Quaedam</em></strong></span> <span class='ocrx_word' id='word_1_510' title='bbox 390 4132 536 4198; x_wconf 81' lang='lat' dir='ltr'><strong><em>exemplaria</em></strong></span> <span class='ocrx_word' id='word_1_511' title='bbox 551 4138 659 4184; x_wconf 87' lang='lat' dir='ltr'><strong><em>habent:</em></strong></span> <span class='ocrx_word' id='word_1_512' title='bbox 686 4136 707 4184; x_wconf 94' lang='lat'>0</span> <span class='ocrx_word' id='word_1_513' title='bbox 719 4137 774 4199; x_wconf 89' lang='lat' dir='ltr'><strong><em>jura</em></strong></span> <span class='ocrx_word' id='word_1_514' title='bbox 787 4137 902 4199; x_wconf 79' lang='lat' dir='ltr'><strong><em>praeclara</em></strong></span> <span class='ocrx_word' id='word_1_515' title='bbox 917 4143 987 4199; x_wconf 84' lang='lat' dir='ltr'><strong><em>atque</em></strong></span> <span class='ocrx_word' id='word_1_516' title='bbox 1010 4135 1125 4183; x_wconf 86' lang='lat' dir='ltr'><strong><em>divinitus</em></strong></span> <span class='ocrx_word' id='word_1_517' title='bbox 1140 4136 1190 4200; x_wconf 89' lang='lat' dir='ltr'><strong><em>jam</em></strong></span> <span class='ocrx_word' id='word_1_518' title='bbox 1202 4136 1258 4185; x_wconf 87' lang='lat' dir='ltr'><strong><em>inde</em></strong></span> <span class='ocrx_word' id='word_1_519' title='bbox 1273 4150 1288 4181; x_wconf 90' lang='lat' dir='ltr'><strong><em>a</em></strong></span> 
     </span>
     <span class='ocr_line' id='line_1_51' title="bbox 189 4197 931 4264; baseline 0.004 -21"><span class='ocrx_word' id='word_1_520' title='bbox 189 4197 308 4260; x_wconf 89' lang='lat' dir='ltr'><strong><em>principio</em></strong></span> <span class='ocrx_word' id='word_1_521' title='bbox 319 4198 423 4246; x_wconf 85' lang='lat' dir='ltr'><strong><em>Romani</em></strong></span> <span class='ocrx_word' id='word_1_522' title='bbox 435 4201 537 4248; x_wconf 85' lang='lat' dir='ltr'><strong><em>nominis</em></strong></span> <span class='ocrx_word' id='word_1_523' title='bbox 547 4200 677 4264; x_wconf 85' lang='lat' dir='ltr'><strong><em>majoribus</em></strong></span> <span class='ocrx_word' id='word_1_524' title='bbox 690 4203 777 4248; x_wconf 90' lang='lat' dir='ltr'><strong><em>nostris</em></strong></span> <span class='ocrx_word' id='word_1_525' title='bbox 787 4206 931 4262; x_wconf 88' lang='lat' dir='ltr'><strong><em>comparata.</em></strong></span> 
     </span>
    </p>
   </div>
   <div class='ocr_carea' id='block_1_20' title="bbox 0 0 1356 4636">
    <p class='ocr_par' dir='ltr' id='par_1_28' title="bbox 0 0 1356 4636">
     <span class='ocr_line' id='line_1_52' title="bbox 0 0 1356 4636; baseline 0 0"><span class='ocrx_word' id='word_1_526' title='bbox 0 0 1356 4636; x_wconf 95' lang='lat' dir='ltr'><strong><em> </em></strong></span> 
     </span>
    </p>
   </div>
  </div>
 </body>
</html>
