2670 4636
428 311 432 334 .
535 224 755 296 cumbusta.
1152 238 1186 296 rr

92 377 287 457 Quodquum
301 380 396 439 faeere
410 380 452 439 Te
466 379 584 449 rider03
600 383 776 461 proximent
790 383 872 444 Deus
881 383 971 453 volet,
986 381 1075 440 alium
1091 403 1186 463 quen-

91 475 163 534 dam
176 475 419 537 librumveterem
430 495 448 536 a
458 496 504 538 me
519 477 617 537 denuo
632 479 756 558 politum
770 480 902 545 habebis.
946 481 1093 540 conatum
1107 491 1186 542 certe

88 572 224 653 poliendi
235 573 310 634 mihi·
319 592 379 635 noa
393 573 501 635 deesse
513 575 671 656 intelliges.
775 646 777 649 ,

132 671 190 743 lta,
199 671 241 730 nti
249 671 351 744 lector,
362 671 437 744 vale,
448 682 479 732 et
489 673 514 731 si
527 691 573 733 me
582 672 611 732 in
622 673 788 735 Tursellino
799 676 870 735 Tuis
879 671 1042 735 commodis
1051 671 1187 734 serviisse

86 776 189 847 putes,
204 767 294 829 etiarn
307 769 385 829 faves
426 755 525 842 Certe,
538 779 571 830 ut
586 769 711 839 faveres,
725 772 874 841 laboravi;
901 770 1012 853 alioqui
1035 786 1185 848 nunquam

87 866 201 926 adduci
209 866 373 946 potuissem
381 865 443 925 ulla
452 864 574 937 ratione,
585 876 618 926 ut
628 877 746 947 propter
759 858 918 948 particulas
934 866 1029 927 Latini
1043 865 1186 926 sermonis

86 965 132 1024 ita
146 963 352 1042 perlustrarem
368 962 627 1042 praestantissimos
642 964 845 1026 Romanorum
867 949 968 1037 libros,
991 963 1077 1042 quasi
1099 980 1184 1024 nemo

86 1069 160 1121 ante
173 1079 220 1121 me
234 1060 314 1121 iniis
329 1059 515 1120 declarandis
528 1072 691 1140 occupatus
707 1062 821 1134 luisset.
863 1063 971 1123 lterum
986 1061 1062 1122 vale.
1090 1099 1092 1102 -

443 1360 825 1444 auctoramus
876 1335 880 1345 ’

616 1524 673 1587 s„

84 1693 345 1776 Cum,divendita
353 1706 493 1786 superiori
503 1707 708 1767 Turselliniani
719 1707 756 1767 de
774 1705 927 1766 l’articulis
943 1707 1053 1766 Latinae
1070 1707 1180 1786 linguae

84 1782 232 1881 Opusculi
253 1800 392 1873 editione,
411 1822 488 1862 nova
503 1803 728 1878 desideraretur,
747 1804 822 1864 ratio
844 1804 917 1862 inita
938 1815 993 1874 est,
1009 1816 1043 1862 ut
1063 1825 1099 1864 ea
1121 1825 1181 1865 non

84 1899 152 1958 sine
175 1899 274 1978 aliqua
289 1899 503 1960 emendationis
520 1903 757 1981 ascensionisque
773 1899 1029 1962 commendatione
1043 1900 1182 1980 prodiret.

85 1995 205 2057 Etenim
221 1995 368 2074 negotium
384 1996 486 2057 datum
500 2011 546 2060 est
559 2000 631 2071 viro,
648 1999 676 2058 in
691 1999 748 2059 hoe
762 2019 869 2078 genere
883 1997 1031 2057 literarum
1054 2013 1181 2074 versato,
1273 1984 1275 1990 Α

86 2105 121 2152 ut
145 2091 324 2173 superiorem
349 2092 506 2154 editionem
530 2107 764 2175 recognosceret,
790 2107 830 2168 et,
852 2116 919 2174 quae
943 2095 1121 2168 viderentur,
1143 2097 1181 2160 ds

85 2210 142 2250 suo
157 2188 291 2249 adderet.
332 2189 421 2257 Quod
436 2191 485 2251 ille
495 2192 536 2251 ita
549 2193 628 2264 fecit,
644 2203 677 2253 ut
688 2214 784 2272 neque
795 2192 861 2272 plus
878 2191 933 2251 sibi
942 2191 1017 2272 juris
1032 2207 1182 2274 arrogaret

83 2288 115 2347 in
130 2287 229 2346 alieno
243 2306 341 2366 opere,
356 2307 445 2366 quam
464 2289 527 2368 ipse
545 2290 634 2349 alium
649 2291 678 2350 in
695 2311 749 2351 suo
763 2290 818 2349 sibi
833 2290 921 2350 vellet
936 2311 1062 2364 sumere,
1083 2311 1180 2370 nequa

84 2384 193 2444 molem
208 2383 272 2445 libri
288 2383 373 2444 valde
389 2397 520 2464 augeret.
563 2388 640 2447 Nam
658 2399 687 2448 et
701 2386 918 2447 Turselliniana
930 2397 960 2446 et
974 2387 1181 2450 Schwarziana

84 2482 203 2561 integra
224 2481 352 2560 reliquit,
371 2482 486 2542 etiarnsi
506 2484 536 2541 in
557 2485 764 2564 particularum
780 2483 1036 2544 distributionibus
1054 2485 1179 2565 aliisque

84 2589 166 2639 reete
181 2579 387 2659 reprehensum
402 2579 597 2640 Schwarzium
613 2602 630 2641 a
645 2581 813 2642 Facciolato
832 2581 870 2640 V.
886 2581 935 2653 0,
945 2593 975 2641 et
988 2581 1018 2639 in
1034 2581 1099 2642 aliis
1118 2602 1179 2643 non
1216 2630 1220 2639 .

83 2676 194 2754 ubique
208 2695 309 2736 verum
331 2674 440 2734 vidisse
458 2677 550 2736 virum
566 2677 686 2738 doctum
698 2677 867 2758 judicabat:
894 2678 950 2737 nisi
963 2679 1044 2757 quod
1062 2678 1190 2741 duobus

84 2783 137 2834 aut
150 2773 244 2832 tribus
257 2771 341 2845 locis,
355 2771 445 2832 veluti
459 2772 488 2831 iu
498 2775 609 2853 primo,
624 2775 810 2855 quidamstc.
825 2774 855 2832 in
868 2775 1022 2854 angustius
1033 2776 1182 2836 contraxit

84 2869 305 2929 Schwaraianas
314 2869 553 2930 observationes:
575 2871 736 2950 maluitque
745 2871 903 2930 admonere
912 2871 1048 2944 lectores,
1058 2882 1098 2945 et,
1106 2872 1179 2952 quid
1262 2900 1292 2947 ψ

84 2967 141 3028 sibi
164 2965 323 3039 videretur,
339 2965 460 3040 addere,
476 2986 563 3045 quam
579 2967 687 3046 aliquid
711 2978 834 3027 mutare.
876 2967 952 3035 Quae
975 2986 1044 3028 vero
1064 2969 1095 3027 in
1114 2970 1178 3050 Ap-

84 3063 211 3145 pendice
226 3075 322 3135 erant,
337 3081 372 3121 ea
386 3062 416 3121 in
432 3063 498 3142 ipso
508 3083 608 3142 opere,
619 3064 681 3123 suis
690 3063 762 3124 locis
776 3064 915 3144 reposuit,
928 3065 1028 3144 quoad
1041 3085 1088 3125 res
1099 3066 1178 3130 tulit.

85 3163 176 3235 Nam,
191 3181 257 3240 quae
274 3160 424 3221 verbosius
452 3169 483 3220 et
508 3160 604 3221 acrius
626 3175 730 3221 contra
758 3161 958 3222 Faceiolatum
984 3161 1064 3221 dicta
1082 3176 1176 3236 erant,

84 3259 189 3321 melius
203 3257 233 3316 in
249 3256 442 3338 Appendiee*
459 3257 586 3337 relinqui
601 3259 734 3338 putabat.
776 3260 809 3318 ln
826 3259 909 3318 novis
923 3259 1178 3320 observationibus

82 3355 132 3417 hic
147 3355 253 3416 modus
269 3354 419 3414 adhibitus
434 3364 490 3426 est,
514 3366 547 3415 ut
561 3356 662 3415 breves
678 3365 788 3427 essent,
804 3364 834 3414 et
847 3356 945 3428 utiles,
960 3355 1005 3414 vel
1021 3356 1059 3415 ad
1074 3357 1179 3418 intelli·

83 3451 198 3533 gendos
213 3451 370 3532 scriptores
385 3451 516 3524 Latinos,
532 3451 577 3512 vel
587 3451 625 3511 ad
639 3461 718 3512 recte
728 3452 927 3512 scribendum.
961 3453 1013 3511 Eae
1028 3472 1095 3531 qum
1106 3455 1176 3526 sint,

83 3551 218 3611 additum
229 3549 346 3630 signum
360 3553 372 3625 (
385 3551 397 3624 )
408 3548 559 3609 indicabit.
596 3549 733 3608 Ceterum
747 3569 793 3610 res
807 3557 851 3608 est
863 3548 1072 3609 observationis
1086 3569 1177 3630 prope

81 3648 222 3708 infinitae:
244 3646 274 3706 in
288 3666 348 3726 qua
360 3655 444 3705 tanto
454 3646 569 3706 facilius
584 3646 697 3725 aliquid
716 3645 953 3726 praetermittitur,
968 3645 1055 3705 etiam
1074 3666 1092 3705 a
1113 3646 1178 3707 dili·

83 3743 263 3823 gentissimo,
278 3754 388 3824 quanto
403 3744 497 3822 magis
510 3754 638 3804 versatur
649 3745 679 3802 in
694 3743 832 3816 minutiis,
847 3763 913 3821 quae
929 3741 1014 3802 facile
1033 3742 1179 3823 effugiunt

82 3841 374 3902 animadversionem.
418 3841 521 3920 Itaque
539 3831 630 3900 'etiam
655 3841 683 3912 ii,
707 3839 757 3920 qui
772 3837 941 3919 postfuturi
964 3848 1043 3912 sunt,
1056 3839 1177 3919 aliquod

84 3938 270 4020 spicilegium
284 3938 340 3999 sibi
360 3938 494 3998 relietum
510 3939 666 4016 reperient.
708 3939 766 4007 (Ae
779 3937 838 3995 tale
852 3944 918 4015 post
931 3935 1052 4013 primam
1073 3957 1175 3997 reeen-

114 4121 129 4150 '
147 4121 217 4170 Hanc
229 4119 404 4186 Appendicem.
415 4119 510 4170 rmeinis
520 4120 644 4175 inclusam,
656 4118 739 4166 libello
750 4115 878 4165 intertexui
888 4131 895 4173 3
912 4115 976 4179 quod
987 4116 1176 4168 commodius.-

84 4201 109 4250 J.
120 4203 152 4252 B.
862 4203 865 4209 ⁴
