2670 4636
151 190 191 248 aa
474 184 649 247 nostru
679 184 926 247 nunsstsnu
1066 170 1254 266 [munaus

154 331 582 397 Cnioeesberdlgstsilleersed5
598 331 1049 399 wemafouplittleleersisg.
1071 332 1257 384 'Iddeorst

152 398 170 446 l.
181 405 238 446 etc.
250 400 275 447 2.
291 396 359 445 Alter
366 397 605 461 nonmultum,quod
613 397 711 463 quidem
721 406 821 463 extaret,
838 405 864 448 et
877 399 904 447 id
918 398 997 464 ipsum
1013 397 1170 447 adolescens:
1195 399 1258 448 alter

150 459 213 511 nibil
229 461 358 512 admodum
369 463 453 527 scripti
463 463 569 527 reliquit.
577 463 599 498 ¹⁹

361 559 373 584 '
384 565 409 610 8.
420 561 556 612 Aderodum
567 560 597 609 de
608 577 717 618 numero,
728 562 848 611 historicis
863 561 962 611 solenne
974 560 1050 611 est.²⁰

185 642 319 693 Aderorlttm
329 642 525 692 accommodatur
540 643 664 691 interdum
674 643 706 691 ad
718 659 852 700 numerum,
868 652 895 692 et
909 643 1004 690 ridetur
1014 642 1149 705 siguificare
1157 641 1257 707 (modo)

151 713 247 756 tantum
262 707 339 770 (fere)
356 723 492 762 numerum,
508 717 610 771 quantus
621 710 774 768 nominatur;
793 716 820 756 ut
830 709 893 772 apud
912 709 1011 758 Livium
1021 710 1039 757 1.
1050 711 1092 756 22.
1109 725 1132 756 c.
1143 711 1186 758 24.
1208 707 1258 755 Sex

152 771 231 820 millia
241 771 346 820 hostium
363 787 440 820 caesa:
462 772 568 837 quinque
584 773 710 822 admodum
724 771 892 821 Romanorum.
926 774 966 822 te.
978 774 994 820 Ι.
1006 777 1047 822 27.
1059 789 1082 820 c.
1094 776 1135 821 30.
1159 772 1257 836 Philip-

151 852 200 900 pus
218 837 285 885 mille
307 837 436 885 admodum
452 837 558 885 hostium
577 845 675 901 utraque
692 854 772 902 pugna
783 838 879 886 occidit.
914 838 954 887 tu.
974 839 992 885 1.
1009 843 1050 888 44.
1068 854 1090 885 c.
1108 840 1151 887 43.
1172 837 1258 886 Secuti

152 917 208 950 eum
218 909 274 949 sunt
284 902 411 950 admodum
423 902 550 966 quingenti
564 902 701 951 Cretenses.
730 904 770 952 te.
787 904 805 951 l.
823 907 863 952 42.
882 920 904 951 c.
915 907 957 951 65.
968 903 1059 952 Juncta
1069 903 1190 957 vehicula,
1202 903 1256 965 ple·

151 981 226 1030 reque
237 975 331 1023 onusta,
341 967 412 1042 mille
421 967 553 1044 admodum¹
566 968 700 1031 capiuntur.
713 967 811 1032 (modo)
821 968 893 1030 plane
910 983 974 1024 eum,
989 967 1032 1032 qui
1048 966 1200 1032 exprimitur,
1206 982 1258 1044 prq

152 1031 900 1161 111111ἕῖ..13111443311114541.
918 1032 1258 1146 1111111111ῑὲ

153 1175 249 1210 menses
266 1160 395 1210 admodum
414 1169 519 1224 septem.
528 1162 548 1210 i.
559 1176 580 1210 e.
598 1177 647 1209 non
659 1163 738 1225 plures
748 1178 820 1226 quam
831 1169 933 1225 septem.
952 1161 1011 1210 Vid.
1029 1162 1181 1212 sartacteta.
1215 1162 1257 1210 Id.

155 1226 226 1274 Cart.
239 1237 270 1337 (ple
280 1227 349 1276 Flor.
368 1227 425 1277 Lib.
436 1227 454 1274 l.
468 1230 510 1277 4³.
533 1226 617 1290 legati
632 1241 663 1274 ex
673 1226 818 1275 Macedonia
828 1234 916 1275 exacto
927 1226 1056 1275 admodum
1065 1241 1149 1275 mense
1162 1225 1257 1274 Febru-

154 1290 205 1338 ario
212 1306 237 1337 re
256 1290 342 1339 erunt.

187 1355 202 1384 '
214 1355 269 1403 Huc
280 1355 553 1418 pertinetodmedumde
562 1362 634 1403 aetate
645 1357 758 1403 bumana.
775 1357 860 1406 Senes.
870 1358 899 1406 de
907 1357 992 1406 brevil-
999 1358 1058 1406 oitoe
1067 1371 1088 1403 c.
1094 1359 1119 1404 7.
1131 1355 1257 1411 Quasdam

153 1420 230 1468 erbis
240 1421 330 1469 artibus
337 1420 407 1483 pueri
415 1419 543 1468 admodum
554 1420 690 1485 percepisse
700 1420 747 1468 visi
757 1429 822 1469 sunt.
843 1421 908 1469 Num
919 1421 1006 1483 gradus
1016 1421 1093 1468 etatis
1104 1428 1169 1469 certo
1181 1434 1258 1468 anno·

154 1498 208 1532 rum
217 1500 315 1560 numero
332 1493 401 1534 erant
417 1484 533 1534 adstricti.
556 1485 624 1550 (Hoc
635 1485 741 1549 pertinet
752 1487 781 1533 ad
794 1486 896 1550 primam
907 1485 1121 1549 significationem
1137 1500 1194 1532 cum
1212 1500 1257 1549 pro

154 1549 378 1665 oulppppplqffio
389 1617 433 1664 bac
441 1613 561 1679 particula
568 1630 627 1664 usus
634 1622 671 1664 est
679 1615 816 1672 Saluianus,
826 1623 853 1664 nt
860 1625 974 1679 appareat
982 1616 1026 1663 illa
1036 1615 1096 1663 mire
1108 1614 1259 1663 delectatum

130 1718 133 1723 .
154 1675 238 1727 fiisse.
265 1680 325 1728 Fere
337 1687 420 1728 autem
436 1687 534 1731 ornatus
551 1681 628 1742 gretia
644 1694 698 1728 eam
715 1681 841 1729 sententiis
862 1681 964 1736 infersit,
980 1696 1066 1728 sonum
1082 1680 1167 1742 magis,
1186 1695 1258 1742 quam

153 1750 243 1792 certarn
254 1744 326 1792 ullam
338 1744 537 1808 significationem
547 1761 664 1808 quaerens.
692 1744 767 1802 Quod
777 1746 843 1793 enim
854 1746 1034 1795 Rittersltusius
1043 1752 1119 1799 notat,
1133 1759 1260 1806 nunquam

152 1808 223 1856 aliter
237 1824 316 1865 usum,
333 1825 407 1873 quam
422 1824 466 1871 pro
477 1811 540 1860 Fere
550 1809 589 1856 rel
603 1811 792 1873 Propemodum
808 1811 928 1874 quomodo
946 1809 987 1872 (ut
1002 1811 1049 1857 alia
1065 1809 1174 1857 omittam
1190 1808 1259 1871 loca)

152 1887 186 1920 ex
196 1873 240 1922 illo
251 1873 293 1922 lib.
304 1879 329 1922 6.
339 1876 369 1923 de
384 1875 484 1935 gubern.
496 1874 546 1922 Dei
556 1875 651 1921 ostendi
667 1874 752 1936 possit,
768 1889 817 1922 non
833 1873 914 1922 rideo.
938 1874 1031 1922 Omnes
1047 1874 1113 1922 enim
1127 1872 1260 1922 admodum

153 1938 261 2002 (inquit)
272 1939 298 1986 in
308 1937 467 2001 perditionem
476 1946 556 1994 ruunt,
571 1946 613 1986 aut
620 1949 693 1993 certe,
705 1945 734 1985 ut
745 1938 811 1985 aliud
822 1937 901 1986 dicam
912 1939 996 1995 levius,
1007 1953 1070 2002 pene
1089 1954 1179 1987 omnes.
1212 1938 1260 1986 Di-

187 2112 210 2147 ¹⁹
220 2113 323 2177 Scripsit
339 2113 402 2162 enirn
413 2112 536 2164 Antonius
550 2129 627 2162 unum
641 2113 766 2161 libellum:
785 2113 850 2176 quod
869 2113 952 2161 Cicero
968 2113 1040 2162 docet
1055 2113 1081 2161 in
1094 2114 1169 2162 Brut.
1181 2131 1204 2163 c.
1216 2118 1260 2164 44.

152 2176 226 2226 Adde
240 2179 287 2227 huc
299 2193 353 2242 quaa
371 2179 508 2229 Fuoea'oloto
526 2178 680 2242 respondiin
689 2178 846 2229 monumentis
857 2179 975 2240 ingentior.
991 2178 1021 2225 T.
1033 2183 1057 2227 l.
1069 2193 1124 2240 pag.
1135 2182 1176 2226 st.
1195 2177 1260 2226 Nam

153 2244 233 2307 quoad
245 2243 303 2291 ratio
313 2250 369 2298 stat,
380 2258 450 2306 quam
462 2243 610 2294 Fecciololas
617 2259 667 2291 non
675 2244 809 2307 impugnat,
821 2243 942 2292 conclusio
953 2250 1002 2290 stet
1012 2250 1114 2305 oportet.
1137 2241 1260 2291 Antonius

152 2308 282 2372 scripserat
291 2323 367 2355 unum
382 2309 492 2356 libellum
508 2310 537 2358 de
547 2315 600 2359 orte
610 2308 713 2358 dicendi.
747 2308 786 2356 Ex
804 2323 851 2356 uno
870 2309 916 2356 hoc
931 2307 991 2356 libro
1007 2306 1206 2355 Antoniustotus
1216 2323 1260 2370 pe-

152 2373 219 2421 nitus
228 2373 343 2435 cognosci
351 2388 401 2420 uon
413 2381 514 2436 poterat,
532 2389 582 2421 non
591 2375 668 2436 magis
677 2381 751 2430 certe,
768 2389 840 2436 quam
851 2380 914 2420 totus
925 2372 1025 2421 Crassus
1035 2386 1068 2418 ex
1078 2373 1161 2435 paucis
1171 2375 1259 2420 oratio-

152 2438 231 2486 nibus.
264 2438 328 2500 Ergo
345 2446 425 2486 manet
435 2437 462 2486 id
471 2437 536 2502 quod
544 2453 608 2502 sepe
619 2439 683 2495 dico,
693 2439 819 2489 admodum
828 2453 882 2486 esse
892 2443 987 2486 tuntum
997 2442 1111 2500 quantum
1122 2439 1153 2485 od
1163 2440 1260 2486 neodem

153 2501 446 2616 retitui-tiri
455 2501 1259 2628 3¹.tltttt‘tllltiiiitlfllzltllilittAtti

152 2631 211 2679 istm
218 2583 340 2693 scribi're.
349 2633 430 2690 Quum
441 2634 506 2681 enim
516 2633 628 2683 omuibus
638 2633 777 2681 memorium
788 2632 834 2688 sui,
849 2639 902 2680 tum
912 2631 986 2680 eliam
997 2600 1150 2693 disciplinam
1160 2631 1261 2681 dicendi

153 2696 224 2746 nobis
231 2697 394 2760 reliquissent.
426 2697 547 2746 Frivolum
562 2704 641 2747 autern
653 2712 707 2746 esse
719 2697 821 2754 ridetur,
833 2695 898 2759 qnod
909 2697 1061 2746 Furciolutus
1071 2695 1210 2746 Ciceronem
1219 2697 1259 2746 bic

154 2759 185 2808 de
196 2763 306 2810 oratoriis
315 2761 417 2811 Antonii
427 2762 522 2827 scriptis
532 2763 585 2810 vult
599 2762 712 2824 intelligi.
733 2762 800 2811 Nam
814 2776 846 2808 ex
860 2761 921 2809 libro
932 2762 961 2810 de
971 2766 1024 2809 erte
1033 2760 1139 2808 oratorie
1150 2775 1198 2808 non
1215 2761 1260 2809 mi-

153 2839 208 2886 nus,
218 2841 292 2890 quam
301 2842 331 2874 ex
341 2828 497 2884 orationibus,
514 2827 553 2875 vis
567 2836 593 2876 et
605 2826 731 2891 ingenium
744 2826 844 2876 oratoris
856 2826 963 2889 perspici
980 2832 1068 2889 potest.
1101 2825 1174 2873 Unde
1193 2827 1260 2875 enim

154 2892 259 2940 oratoria
276 2891 313 2939 vis
331 2893 424 2949 existit,
440 2893 486 2940 nisi
507 2907 539 2940 ex
549 2893 656 2956 ingenio,
676 2891 853 2940 doctrinaverit
863 2899 888 2938 et
898 2890 997 2955 copiosa
1006 2889 1125 2953 perpolito
1135 2890 1144 2935 ?
1162 2891 1195 2938 Et
1205 2893 1259 2954 quis

153 2963 198 3012 est,
210 2956 251 3019 qui
262 2972 310 3004 non
320 2956 410 3013 videat,
428 2957 458 3004 de
478 2957 600 3006 Cicereius
616 2957 719 3006 oratoria
730 2957 845 3013 facultate
857 2955 929 3004 etiam
940 2970 972 3003 ex
982 2956 1049 3003 libris
1056 2954 1108 3018 ejus
1120 2956 1149 3003 de
1164 2961 1260 3006 oratore

148 3019 254 3084 judicari
261 3021 349 3085 posse?
371 3020 444 3069 Adde
457 3023 509 3071 Cic.
520 3023 538 3069 l.
549 3026 573 3070 l.
585 3024 656 3073 Fam.
667 3037 705 3086 ep.
713 3026 742 3071 9.
750 3024 764 3085 §
772 3025 814 3071 67.
826 3021 878 3069 etl.
889 3026 914 3069 6.
924 3035 962 3083 ep.
972 3024 1013 3070 19.
1024 3022 1072 3084 §5.
1083 3029 1109 3067 et
1117 3022 1147 3068 de
1158 3020 1229 3086 Offic.
1240 3021 1259 3069 1.

153 3094 179 3133 et
186 3090 239 3135 c.l.
258 3086 429 3151 (immornulti
439 3086 470 3134 de
482 3088 694 3150 eloquentiabene
712 3101 740 3135 ao
758 3085 878 3135 subtiliter
893 3090 1070 3148 preceperunt,
1081 3084 1169 3146 quibus
1185 3085 1223 3133 ris
1234 3093 1260 3134 et

153 3148 277 3213 ingenium
287 3151 416 3199 oratorium
436 3151 509 3215 plane
526 3152 666 3209 deluenmt,
684 3157 712 3199 ut
731 3151 784 3213 ipsa
806 3149 915 3214 pluribus
934 3149 996 3198 locis
1016 3149 1102 3198 Cicero
1119 3149 1189 3197 dicit.
1224 3149 1261 3198 Ut

152 3222 273 3278 praecepta
289 3215 386 3264 dicendi
403 3232 453 3264 non
474 3216 567 3265 iaciunt
585 3218 725 3279 eloquentes
742 3214 810 3277 (quis
825 3214 891 3262 enim
912 3228 961 3260 non
979 3220 1043 3262 esset
1065 3213 1222 3278 eloqueusi),
1239 3217 1260 3264 si

152 3293 199 3327 nec
210 3279 252 3342 qui
261 3280 323 3328 bene
335 3280 365 3328 de
380 3280 517 3345 eloquentia
529 3281 678 3344 precipiunt,
687 3279 734 3342 ipsi
745 3280 807 3327 bene
817 3276 923 3339 dicunt.)
941 3278 1038 3326 Deinde
1052 3278 1135 3327 Cicero
1144 3278 1198 3343 ipse
1210 3295 1260 3327 me·

152 3344 255 3392 moriam
266 3344 348 3394 Crassi
357 3353 384 3393 et
393 3344 496 3394 Antonii
509 3346 596 3394 iccirco
606 3346 681 3394 etiam
691 3359 718 3392 se
730 3358 872 3392 conservare
882 3343 951 3400 dicit,
966 3349 995 3390 ut
1005 3343 1049 3391 illa
1059 3343 1143 3405 opinio
1162 3344 1259 3393 tollere·

152 3415 199 3467 tur,
216 3410 319 3458 alterum
328 3426 378 3459 non
387 3411 562 3466 doctissimum,
574 3412 677 3459 alterum
699 3408 769 3470 plane
786 3408 909 3457 indoctum
924 3405 1007 3456 fuisse.
1032 3406 1121 3469 Neque
1138 3407 1169 3456 de
1186 3409 1260 3456 laude

152 3474 298 3538 eloquentiae
314 3476 410 3523 illorum
426 3483 568 3525 senescente
578 3475 686 3538 loquitur
699 3473 791 3530 Cicero,
803 3473 847 3522 sed
858 3472 888 3521 de
905 3479 985 3521 cetera
1001 3487 1081 3520 eorum
1100 3472 1180 3530 laude,
1192 3474 1261 3521 laudi

152 3538 299 3604 eloquentie
309 3538 433 3603 opposita:
454 3539 528 3598 'Quid
549 3539 616 3588 enim
635 3539 680 3587 sibi
692 3538 746 3586 iult
760 3537 880 3601 particula
889 3539 927 3586 vel
936 3537 1009 3586 toties
1020 3536 1129 3600 repetita,
1141 3535 1211 3585 sires
1221 3537 1259 3585 di·

154 3618 237 3653 versas
254 3621 302 3653 non
320 3605 429 3654 indicat?
450 3603 528 3668 Atqui
538 3603 569 3652 de
586 3603 689 3652 oratorie
703 3603 798 3651 illorum
816 3601 931 3651 facultate
942 3608 968 3650 et
977 3601 1088 3650 doctrina
1109 3601 1192 3651 Cicero
1207 3601 1218 3666 j

154 3676 210 3718 ante
222 3678 372 3726 memorarat,
382 3684 453 3733 qnam
465 3669 495 3717 de
506 3669 579 3718 laude
590 3669 686 3717 illorum
696 3668 838 3716 senescente
846 3666 967 3715 scriberet.
999 3664 1118 3728 Apertum
1129 3674 1166 3714 est
1175 3666 1260 3728 igitur,

155 3733 316 3786 Fscciolutum
327 3735 437 3798 Spartam
448 3734 592 3797 suscepisse,
603 3733 635 3781 ad
645 3748 715 3798 quarn
723 3732 856 3780 ornandam
865 3746 914 3780 non
925 3731 986 3780 satis
997 3738 1049 3778 eret
1058 3738 1163 3795 paratus,
1170 3747 1260 3795 magno

154 3814 211 3848 cum
221 3799 370 3856 Latinitatis,
385 3799 541 3862 veritatisque
551 3797 731 3862 corrumpendae
747 3797 865 3860 periculo.
898 3795 974 3860 (Cum
985 3794 1120 3845 Sclraoorzio
1136 3795 1196 3844 iacit
1209 3797 1259 3846 Ge·

152 3878 237 3915 merus
245 3865 272 3912 in
284 3864 413 3914 manure.
446 3863 565 3918 Ceterum,
578 3864 690 3926 quoniam
699 3862 725 3909 iu
737 3863 855 3925 exemplis
864 3861 937 3910 facile
945 3861 1052 3924 argutari
1060 3861 1128 3920 licet,
1135 3861 1261 3925 judicetur

153 3929 254 3991 questio
264 3929 385 3993 analogia.
419 3926 445 3977 Si
460 3927 534 3993 igitur
544 3929 678 3983 adrandum,
687 3927 795 3976 numeris
806 3926 925 3984 additum,
939 3928 1013 3974 modo
1017 3925 1081 3986 sere,
1092 3929 1261 3989 propemodum

152 3994 279 4056 significat,
289 3993 361 4041 modo
372 3993 475 4050 martino,
486 4001 513 4040 ut
527 4007 584 4041 mox
594 3991 743 4051 ostendetur,
753 3991 819 4041 idem
833 3991 907 4041 etiam
923 3990 1057 4055 significare
1069 3998 1150 4055 potest
1161 3990 1187 4038 in
1204 3991 1261 4040 aliis

150 4059 377 4108 constructionibus.
644 4064 646 4068 “

72 4168 74 4172 .
185 4122 212 4154 ²⁰
227 4123 275 4172 Pro
286 4125 332 4172 hoc
342 4059 467 4173 udriwdum
478 4121 560 4171 Livius
569 4123 692 4172 interdum
703 4122 742 4171 uti
750 4122 847 4173 videtur
857 4123 923 4173 bettd
931 4120 1042 4186 anplius.
1064 4118 1118 4167 Lib.
1130 4120 1171 4169 88.
1182 4135 1206 4168 ο.
1217 4121 1260 4168 40.

152 4188 216 4238 Cum
225 4189 360 4252 consulper
369 4189 456 4237 salutm
467 4187 520 4244 iret,
530 4187 649 4239 Thracum
659 4187 746 4238 decern
766 4188 830 4238 haud
846 4185 951 4252 amplius
961 4185 1037 4235 millia
1054 4183 1085 4233 sd
1100 4182 1165 4247 ipsas
1181 4198 1258 4248 angu-

150 4253 209 4303 stias
218 4254 283 4304 viam
293 4253 507 4306 circumsederunt.
527 4254 577 4303 vid.
589 4253 711 4318 Amplius.
