2670 4636
183 264 243 326 aee
294 306 298 313 .
490 260 661 324 noanon
694 259 937 323 euasurum
1192 260 1273 341 [aa.
1317 250 1320 259 '

608 408 656 459 '9-
670 410 722 466 Qae
733 425 776 473 pro
787 412 838 459 eed.

215 495 268 550 Qae
277 489 393 539 rariaaime
403 503 446 552 pro
456 492 498 539 aed
508 489 614 553 ponitur.
649 490 770 539 Columell.
780 490 798 537 l.
808 494 832 537 6.
841 506 862 539 c.
874 493 898 538 8.
916 489 977 538 Olea
991 503 1069 552 nequo
1080 487 1197 551 depressa
1210 488 1271 544 loca,

179 568 258 616 neque
273 554 354 610 ardua,
365 553 488 617 mgisque
506 554 614 603 modicoa
623 555 698 603 elima
708 564 787 615 amat3
803 557 886 618 qualea
896 555 923 602 iu
939 553 1009 602 Italia
1026 552 1168 603 Sabinorum
1178 553 1218 601 vel
1225 560 1274 601 tota

181 619 303 683 provincia
313 619 403 670 neum
414 618 528 667 ridemus.

591 716 607 745 ³
620 718 659 765 ld.
670 716 724 771 Qae
735 730 777 779 pro
789 721 847 766 tam.

213 796 355 847 mmmmm.
369 812 391 845 o.
407 798 449 846 49.
467 794 578 845 Membra
594 797 663 860 linea,
680 795 779 860 fotuque
794 797 860 845 seme
870 796 1013 846 mulcebitur
1028 796 1099 860 ignia.
1115 794 1177 860 (Sed
1189 794 1215 844 in
1227 796 1273 845 bac

178 860 253 909 lomna
262 861 288 909 in
297 860 406 910 omnibus
415 860 504 926 linquis
516 862 602 926 copula
611 863 715 925 ponitur.
729 861 819 925 Virgil.
836 860 885 910 Dic
894 862 980 926 quibua
990 862 1016 910 iu
1025 862 1107 919 terrie,
1117 869 1145 910 et
1155 861 1203 911 eris
1213 860 1273 910 mibi

177 926 236 991 ω’)
590 990 655 1041 ·ιι.
673 991 854 1047 mammen.

212 1069 269 1119 Nou
280 1071 351 1120 modo
360 1077 487 1126 commata,
499 1072 540 1119 aed
552 1071 625 1119 etiam
634 1071 740 1119 membra
751 1071 882 1136 conjungit.
899 1071 958 1121 Vid.
966 1072 1074 1120 Morem.
1085 1072 1207 1135 lugenp.
1218 1074 1272 1122 146.

180 1136 222 1187 ula'
232 1137 366 1186 Fooeielale
375 1136 552 1201 respondimus.
568 1136 654 1200 (Adde
666 1137 797 1185 limatam
806 1138 837 1184 ad
850 1137 947 1186 Sueten.
958 1137 1019 1186 Ner.
1030 1152 1053 1185 c.
1065 1134 1123 1196 48.)

598 1309 711 1362 CAPUT
737 1312 851 1364 CCXVI.

462 1424 512 1487 De
524 1423 675 1488 Aduerbio
697 1428 983 1496 Quamnn'uonuu.

302 1559 327 1604 1.
344 1554 545 1612 Quemadmodum
556 1572 600 1620 pro
611 1558 722 1620 quomodo
728 1572 737 1615 ,·
754 1557 814 1613 loeo,
830 1557 856 1606 in
866 1557 931 1606 uelut
940 1573 993 1620 may
1004 1571 1032 1605 or
1042 1571 1151 1607 munuer.

211 1636 428 1693 Quauauuonuu
443 1636 533 1685 facmm
544 1651 576 1685 ex
586 1638 662 1685 tribua
672 1637 759 1692 verbis,
770 1653 838 1700 quem
851 1640 882 1686 ud
891 1636 1069 1701 endromidem
1085 1646 1123 1685 est
1134 1638 1201 1700 quod
1215 1654 1270 1702 quo·

177 1704 254 1750 nodo
288 1700 557 1765 cte.1.1.Am.epo.
574 1701 655 1750 Velim
673 1701 776 1765 cogites,
794 1703 993 1765 quemadmodum
1012 1701 1184 1750 bibliothecam
1202 1704 1274 1752 uebio

178 1766 294 1814 emicere
303 1766 389 1828 possis.
421 1767 460 1815 lo.
468 1767 486 1814 1.
496 1771 521 1816 7.
530 1782 568 1830 ep.
579 1770 620 1815 24.
637 1766 697 1814 Hmc
706 1783 743 1814 rea
752 1767 954 1830 quemadmodum
964 1766 1086 1824 occiderit,
1103 1767 1177 1816 velim
1192 1767 1223 1816 ad
1233 1783 1271 1816 me

176 1830 276 1880 artam
309 1829 736 1894 munumenmmnuma.

471 1925 486 1955 ⁸
497 1932 522 1977 2.
534 1927 735 1983 Quemadmodum
744 1927 769 1975 in
779 1926 973 1992 interrogatione.

210 2008 265 2058 cte.
282 2010 299 2058 2
310 2006 385 2058 coeit
400 2024 422 2056 c.
434 2011 474 2057 16.
490 2005 697 2065 Quemadmodum
714 2009 762 2056 illia
780 2025 859 2058 carere
881 2010 1009 2072 poteruntl
1033 2009 1089 2059 Diu.
1105 2011 1123 2059 l.
1134 2014 1175 2059 22.
1194 2026 1217 2059 c.
1228 2015 1270 2059 6⁰·

177 2072 384 2131 Quemadmodum
402 2066 431 2125 lii¹
443 2073 502 2121 boni
514 2073 645 2137 fidelesque
664 2075 730 2121 cives
745 2089 797 2131 ease
815 2075 932 2136 possunt?
952 2075 1003 2122 Cio.
1012 2075 1030 2123 l.
1042 2080 1066 2124 l.
1076 2077 1105 2124 de
1112 2075 1147 2124 N.
1160 2075 1194 2123 D.
1211 2090 1234 2122 c.
1244 2077 1270 2122 8.

176 2136 381 2195 Quemadmodum
393 2137 488 2187 obedire
498 2145 523 2185 et
531 2133 613 2202 parere
621 2137 740 2187 voluntau‘
751 2137 874 2188 architecti
884 2153 932 2196 aer,
943 2139 1017 2203 ignis,
1027 2154 1100 2203 aqua,
1110 2146 1170 2189 terra
1179 2140 1269 2204 potue·

176 2202 250 2252 runt?
267 2200 334 2252 Add.
346 2203 386 2252 Id.
393 2217 439 2266 pre
450 2202 536 2258 Quint.
546 2218 569 2250 c.
580 2207 620 2252 27.

515 2299 529 2327 ‘¹
539 2303 563 2348 3.
578 2299 778 2354 Quemadmodum
789 2306 844 2361 post
854 2299 925 2349 ratio.

211 2378 264 2429 cie.
274 2378 290 2427 l.
303 2382 342 2428 la.
356 2377 423 2427 Fam.
432 2392 468 2442 ep.
477 2382 519 2427 29.
536 2377 653 2441 Adjuvee‚
673 2378 786 2442 ineasque
796 2379 921 2437 rationem,
930 2381 1130 2445 quemadmodum
1141 2398 1170 2431 ea
1186 2384 1272 2432 mulier

176 2443 280 2520 Itomam
285 2442 439 2557 Berdueatur.
471 2444 511 2494 Id.
523 2443 575 2518 ¹2³·
584 2446 614 2493 de
625 2445 660 2492 N.
670 2444 704 2493 D.
717 2460 738 2491 c.
750 2449 787 2493 16.
804 2445 868 2522 Nom
876 2461 936 2508 quos
945 2445 1121 2524 abuhomiuibuo
1130 2451 1269 2513 pemeuioae

174 2508 234 2560 datu
244 2507 275 2558 ad
312 2523 363 2567 eoa,
375 2516 399 2555 tu
410 2507 497 2556 reddes
508 2516 634 2573 rationem,
646 2508 846 2572 quemadmodum
857 2510 922 2558 adem
932 2508 982 2559 tien
992 2521 1106 2575 potuerat.

509 2626 534 2672 4.
547 2624 822 2680 Quemadmodum-eie,
832 2625 872 2671 vel
882 2625 926 2674 ita.

207 2703 329 2753 Interdum
340 2703 491 2760 assumitm,
503 2705 596 2754 velita.
631 2707 682 2755 Cio.
694 2707 726 2754 nd
737 2706 768 2761 Q.
777 2706 848 2754 Frut.
864 2707 881 2755 1.
893 2713 964 2769 elep-
974 2710 997 2756 1.
1022 2706 1057 2755 Ut
1068 2707 1270 2770 quemadmodum

174 2770 341 2834 gubernatores
347 2768 432 2832 optimi
439 2769 487 2816 eim
497 2769 652 2832 tempestatis,
662 2769 698 2818 aie
706 2770 742 2818 illi
753 2771 854 2818 fortunae
862 2771 977 2833 impetum
984 2786 1097 2834 aupemre
1105 2788 1155 2821 uon
1165 2783 1272 2836 possent.

175 2836 216 2884 lu.
227 2836 256 2884 de
265 2835 342 2884 Ande.
352 2850 374 2881 c.
383 2838 408 2884 4.
435 2834 461 2881 Si
472 2835 671 2897 quemadmodum
681 2835 744 2882 solea
754 2836 785 2882 de
796 2835 889 2883 caeteria
899 2837 980 2890 rebus,
990 2852 1044 2885 cum
1051 2852 1080 2884 ex
1092 2845 1117 2884 te
1125 2848 1272 2900 quaeruntur,

172 2900 209 2948 aie
228 2899 258 2947 de
276 2898 381 2947 amicitia
397 2897 532 2961 disputaris·
566 2901 604 2949 14.
621 2902 653 2949 ud
672 2901 704 2956 Q.
718 2900 760 2949 Fr.
776 2901 793 2949 l.
805 2906 829 2950 2.
848 2916 884 2963 ep.
896 2906 936 2950 12.
950 2901 988 2948 Tu
1005 2903 1210 2965 quemadmodum
1232 2918 1270 2952 me

175 2979 258 3013 oenoea
267 2970 374 3027 oportere
391 2978 444 3011 ease
461 2964 487 3013 ia
505 2964 570 3027 Rep.
581 2970 627 3014 eet.
644 2966 678 3012 ita
692 2973 718 3012 et
728 2979 789 3018 eoae.
805 2973 831 3014 et
842 2965 892 3013 fore
910 2965 1016 3015 auricula
1033 2967 1117 3016 infima
1133 2970 1270 3018 molliorem

174 3028 243 3077 acite.

513 3125 525 3149 '
535 3130 560 3173 6.
571 3126 842 3181 Quemadmodum-eie
852 3127 933 3176 etium.

207 3204 233 3253 N
234 3219 386 3266 ouuunquam
401 3205 495 3254 accedit
504 3206 586 3254 etium.
623 3206 699 3262 Varro
709 3206 726 3253 l.
736 3210 760 3254 8.
771 3209 800 3256 de
810 3207 841 3256 Ι..
852 3209 884 3256 Ι..
896 3224 918 3258 c.
928 3212 970 3258 64.
981 3215 1041 3256 extr.
1060 3208 1272 3266 Quemadmodum

172 3270 205 3327 ia,
216 3270 259 3334 qui
267 3274 312 3319 ele.
322 3271 357 3318 eie
366 3271 441 3318 etiam
450 3271 477 3317 iu
487 3271 533 3327 his,
544 3286 598 3333 quae
608 3285 657 3319 nou
666 3270 761 3318 duobus
770 3271 883 3319 dicuutur
893 3278 939 3322 ete.
955 3273 1072 3337 Exempla
1082 3289 1130 3321 nou
1143 3287 1200 3323 aunt
1211 3290 1272 3327 rara.

422 3383 434 3409 ‘
446 3388 470 3433 6.
488 3387 816 3450 Quemumdum-udeque
826 3387 973 3435 rarissimum
985 3395 1031 3436 est.

206 3466 261 3516 ite.
277 3465 295 3514 l.
304 3470 329 3516 4.
344 3482 366 3515 c·
376 3469 417 3516 43.
445 3465 648 3523 Quemadmodum
657 3467 760 3514 tribunis
769 3469 888 3516 consulari
900 3475 1017 3534 potestate
1028 3468 1186 3521 creaudisuoi
1196 3481 1270 3526 armti

173 3532 272 3598 adaque
280 3532 307 3580 iu
315 3531 471 3596 qumotombae
481 3533 584 3581 liberum
593 3533 626 3580 sit
632 3531 756 3581 arbitrium
765 3534 859 3596 populi.-

477 3646 509 3677 **
521 3652 545 3698 1.
564 3649 874 3706 Quemadmodum—eodem
888 3651 965 3699 medo.

207 3727 238 3758 ¹*
248 3728 277 3777 P.
290 3727 342 3777 cte.
351 3728 404 3776 1.2.
412 3729 442 3777 de
459 3729 517 3778 Fiet.
529 3744 551 3779 c.
561 3733 604 3780 26.
621 3730 827 3786 Quemadmodum
838 3730 887 3778 aiut
896 3746 953 3796 erga
964 3731 1055 3796 aeipooe
1064 3734 1175 3792 animati,
1185 3737 1271 3785 eodem

166 3792 243 3841 modo
251 3792 300 3840 aiut
308 3807 366 3857 erga
375 3793 472 3842 amicoa.
872 3848 875 3853 ,
1031 3827 1037 3842 .

548 3896 572 3941 8.
591 3881 889 3948 Quemadmodum-eeu!

204 3970 331 4021 Alinaeed.
350 3974 451 4036 Ciepro
463 3972 546 4023 Fluee.
569 3971 698 4036 Nunquam
718 3974 834 4032 laborant,
853 3975 1050 4037 quemadmodum
1072 3976 1184 4040 probent,
1204 3980 1271 4042 quod

173 4035 265 4092 dicuut,
282 4036 324 4084 aed
340 4038 537 4101 quemadmodum
549 4052 574 4085 ae
589 4038 711 4102 explicent
726 4039 835 4088 diceudo.
861 4041 941 4088 'Id.³
958 4042 1025 4091 Vere.
1037 4057 1058 4089 c.
1069 4048 1093 4091 6.
1110 4043 1212 4099 Quaerat
1222 4060 1270 4093 uon

197 4244 210 4276 ⁴
223 4242 282 4294 Hoc
291 4248 337 4299 aed
351 4260 402 4297 uon
416 4254 467 4298 tam
484 4246 585 4314 raepieit
600 4249 801 4314 quemadmodum,
814 4262 889 4313 quam
900 4249 1043 4314 porticulum
1055 4251 1271 4320 negotiumque

151 4312 281 4376 praecedit.

513 4378 574 4473 blf.
611 4376 621 4407 Ἰ
634 4470 640 4485 ‚
653 4396 692 4471 *a

513 4490 527 4515 ἢ
