2670 4636
107 253 172 315 tto
441 245 615 311 Hous'rll
634 245 878 307 ‘russanum
1113 248 1221 326 [uuus

389 397 405 429 '¹
416 399 458 447 27.
477 397 547 448 Um
555 409 610 444 eum
621 393 718 448 nomine
728 393 830 458 pluralis
837 393 941 444 numeri.

151 478 220 530 Usus
234 477 343 546 jungitur
356 491 412 527 eum
425 476 570 532 nominibus,
587 488 642 540 qusr
652 475 769 539 pluralem
784 476 875 524 hebent
893 480 995 524 tantum.
1032 473 1132 522 Terent.
1144 466 1223 520 Andr.

113 550 138 596 1.
151 549 175 593 1.
191 545 218 593 si
233 543 410 605 advigilsveris,
421 559 450 591 ex
461 542 516 590 unis
526 541 634 604 gemines
644 540 701 588 mihi
711 541 823 590 conficies
834 541 939 605 nuptias.
964 538 1091 587 Interdum
1101 551 1160 585 oum
1170 534 1223 582 aliis

115 609 263 665 nominibus,
279 623 332 672 qum
340 607 482 672 singularem
494 607 590 655 hebent.
625 607 709 655 cesar
725 604 741 652 Ι.
752 610 777 656 d.
798 607 833 664 Β.
843 605 876 655 G.
888 621 910 655 c.
922 608 964 655 lu.
987 603 1047 654 Ubii
1056 602 1101 651 uni
1107 617 1138 649 ex
1149 607 1223 648 trans·

114 674 229 724 rhenanis
247 672 279 721 sd
290 672 411 722 Caesarem
429 673 521 736 legatos
536 670 659 719 miserant.
676 669 719 718 sed
731 677 781 718 tum
798 685 860 720 nass
876 669 974 735 ponitur
988 684 1032 733 pro
1048 669 1122 719 solat·
1153 664 1222 731 (Hoc

115 752 166 788 non
176 745 214 788 est
223 743 375 805 perpetuum.
399 736 451 787 cic.
459 751 502 801 pro
514 736 596 787 Floce.
606 749 628 783 c.
638 739 680 786 29.
697 734 761 784 Unis
772 734 920 784 vestimentis
927 735 1008 785 lautus
1015 731 1075 797 est.)

492 945 608 997 CAPUT
635 943 848 996 CCLXXXVIII.

382 1070 431 1131 De
444 1068 595 1131 Aduerbio
610 1069 743 1128 Usmu
759 1077 788 1130 et
803 1069 956 1135 Usousrs.

153 1281 303 1337 Fetoliemi,
315 1295 359 1329 seu
368 1280 481 1345 aliquoius
493 1282 552 1330 loco.
567 1198 630 1343 (ἔτί.
640 1201 791 1345 qiiirpiiiirsri
798 1277 890 1343 ullibi)
901 1280 954 1329 cte.
962 1291 1008 1343 pro
1016 1276 1099 1327 Aurio.
1110 1291 1134 1325 o.
1145 1279 1187 1326 21.
1200 1275 1224 1324 Si

121 1348 211 1412 aliquis
231 1363 275 1396 nor
289 1346 357 1394 Deus
373 1346 400 1396 in
416 1344 546 1395 solitudine
561 1345 653 1408 uspiam
677 1346 816 1395 collocaret.
850 1346 889 1395 lu.
907 1345 924 1393 l.
936 1349 962 1394 2.
979 1343 1082 1393 mres.
1096 1358 1121 1390 e.
1137 1345 1180 1391 18.
1200 1339 1226 1388 si

121 1413 204 1470 scires,
221 1411 330 1476 aspidem
339 1411 434 1459 occulte
447 1410 521 1458 latere
538 1411 640 1475 uspiam.
653 1410 682 1471 if
686 1425 732 1475 you
741 1425 804 1460 avers
820 1425 900 1461 oreore
912 1410 966 1460 stat
975 1423 1008 1458 ms
1017 1423 1063 1472 osp
1069 1422 1122 1458 rous
1128 1406 1225 1468 meing

104 1549 107 1556 μ
121 1478 270 1530 mmmm.
287 1475 353 1524 Add.
364 1477 405 1526 Id.
416 1475 473 1526 Aer.
482 1476 500 1524 l.
509 1480 534 1525 7.
542 1489 579 1539 sp.
590 1479 629 1525 12.
640 1483 666 1524 et
676 1476 694 1524 1.
705 1479 790 1538 lhep.
799 1478 824 1526 t.

576 1620 639 1687 §IL
661 1623 775 1686 Usquam.

153 1703 362 1754 Estulloisloeo·
396 1703 447 1752 Cic.
463 1705 480 1751 2
494 1701 565 1753 Verr.
583 1716 605 1750 o.
616 1705 656 1751 11.
681 1701 782 1752 Crucem
800 1707 979 1749 nonnususest
994 1715 1099 1764 usquam
1113 1699 1224 1762 defigere,

110 1766 168 1881 ‚pisi
178 1767 255 1880 amalo
253 1784 296 1817 eos
305 1773 351 1818 cst.
384 1767 573 1880 '‘iiii‘’siim‘
583 1783 606 1816 c.
617 1770 658 1816 21.
675 1765 736 1823 iste,
747 1764 956 1881 cuhieruultlusjssedt
965 1780 1073 1880 usqum&
1079 1763 1224 1878 oousistffii

130 1849 195 1889 ocus,
256 1847 404 1882 mnmsere
548 1846 1007 1882 noroomurrweoorrur·
1074 1846 1143 1879 ‚s
1218 1860 1226 1876 .

124 1915 147 1947 o.
158 1903 199 1949 11.
221 1898 257 1945 Ea
267 1896 396 1961 prudentia
405 1911 485 1961 neque
496 1904 564 1944 extra
575 1895 677 1944 Romam
687 1848 794 1961 uniquam,
805 1911 884 1959 neque
895 1895 982 1944 Rome
992 1845 1128 1959 quicquaiii
1134 1894 1208 1943 valet.

157 1962 281 2012 Interdum
297 1961 396 2028 additur
409 1961 527 2022 genuum.
561 1962 617 2012 Ter.
627 1961 718 2026 Heeyr.
730 1965 754 2010 8.
766 1965 789 2010 1.
806 1962 845 2008 An
855 1960 982 2026 quisquam
998 1976 1103 2024 usquam
1120 1960 1226 2022 gentium

124 2035 163 2077 est
177 2043 197 2075 e
214 2044 245 2077 ue
261 2027 348 2076 miser?
365 2028 469 2077 istbere
484 2043 499 2076 a
512 2041 598 2089 perron
614 2042 661 2091 orry
679 2023 775 2076 where?
792 2024 899 2074 'Rarius
917 2031 1044 2075 terrerum.
1060 2026 1160 2076 luetis.
1173 2023 1191 2072 l.
1205 2030 1228 2072 et

124 2110 148 2144 c.
158 2097 183 2143 1.
217 2107 246 2142 ec
255 2107 314 2142 sane
324 2106 425 2155 usquam
435 2099 550 2140 terrarum
561 2092 639 2140 lucum
655 2091 831 2140 honoratiorem
841 2099 951 2140 senectus
961 2091 1043 2140 hahet.

529 2209 554 2254 2.
573 2205 676 2269 Usquam
688 2207 800 2271 proelio.

154 2287 335 2350 Nonnunquam
345 2301 446 2350 usquam
456 2292 493 2334 est
506 2287 712 2337 strumentorum.
746 2288 824 2337 ciel
838 2287 906 2337 Phil.
917 2301 938 2335 o.
950 2290 974 2336 1.
989 2284 1044 2336 Neo
1057 2300 1118 2335 vero
1126 2298 1226 2348 nsquam

124 2352 287 2402 discedebam.
304 2367 349 2416 orry
361 2351 471 2401 mbitlrer.
504 2349 589 2401 Plaut.
600 2352 678 2401 Milit.
697 2356 721 2402 1.
734 2356 758 2400 1.
775 2353 844 2400 Bona
863 2368 926 2408 uror,
937 2351 959 2400 si
968 2367 999 2400 es
1009 2350 1111 2416 quidem
1125 2349 1227 2398 deducta

125 2425 290 2534 ῗμιεῗιαὲ
297 2415 470 2532 {egligmiubi
487 2429 541 2464 eam
557 2416 646 2480 possim
656 2417 764 2467 invenire
775 2423 820 2468 cet·
853 2417 868 2460 '-
880 2416 947 2466 Ado.
959 2418 1015 2467 Ter.
1026 2417 1156 2480 Hecynd.
1169 2419 1193 2465 l.
1203 2421 1228 2465 et

543 2583 567 2629 3.
586 2581 689 2645 Usquam
708 2582 802 2630 tralate.
883 2554 886 2559 .

157 2663 226 2726 Sarpe
236 2664 321 2711 tralate
334 2662 435 2725 ponitur,
444 2676 486 2724 pro
496 2662 545 2710 ulle
555 2663 581 2711 in
598 2678 633 2718 re,
644 2663 694 2712 ullu
703 2677 735 2712 ex
744 2679 778 2713 re.
805 2661 925 2727 Exempla
934 2669 991 2710 sunt
1000 2662 1074 2709 obvia
1085 2657 1225 2724 legentibus.

126 2728 184 2777 Vid.
195 2728 296 2777 Sullam.
307 2727 425 2789 auguret.
434 2742 457 2776 e.
470 2729 509 2774 is.

157 2793 189 2822 '⁸'
202 2793 308 2856 Usquam
325 2790 357 2841 sd
373 2804 425 2839 tem
439 2792 654 2840 accommodatum.
690 2792 744 2842 Ter.
754 2792 834 2844 Andr.
845 2791 933 2856 Neque
946 2792 1012 2850 istic,
1023 2805 1104 2855 neque
1121 2789 1180 2838 alibi
1189 2801 1226 2837 us·

123 2871 196 2920 quam
205 2858 254 2907 erit
262 2858 287 2907 in
297 2872 336 2906 me
344 2871 420 2906 mora.

513 3036 625 3090 CAPUT
652 3036 839 3087 CCLXXXIX.

497 3167 547 3228 De
558 3166 708 3229 Aduerbio
727 3168 849 3234 Usouu.

343 3295 387 3345 ·1.
409 3297 489 3361 Usque
508 3312 573 3360 saepe
589 3298 741 3362 postponitur
755 3297 847 3346 nomini
864 3311 879 3345 e
896 3311 921 3346 se
938 3304 1013 3345 recto.

161 3377 213 3426 cte.
222 3377 241 3423 l.
253 3379 277 3424 5.
287 3376 344 3426 Art.
352 3392 387 3439 ep.
399 3380 439 3426 16.
456 3376 562 3442 Appius,
573 3386 601 3427 ut
617 3378 719 3438 audivit,
731 3394 776 3427 nos
787 3379 876 3434 venire,
886 3379 912 3426 in
923 3377 1032 3424 ultimam
1042 3376 1192 3439 prorinciam
1202 3389 1228 3422 sa

126 3440 233 3504 conjecit
245 3441 363 3490 'l'hsrsum
374 3457 458 3505 usque.
477 3443 540 3492 ibid.
547 3458 583 3507 ep.
595 3448 634 3492 17.
651 3443 748 3508 Appius
760 3451 853 3504 noster,
862 3458 917 3492 cum
934 3458 971 3490 me
982 3442 1114 3490 adventare
1129 3441 1229 3495 videret,

127 3507 250 3571 proiectus
266 3513 305 3555 est
318 3504 420 3554 Tereum
435 3523 522 3572 usque.
556 3508 593 3557 lb.
610 3508 627 3556 l.
639 3512 663 3556 6.
674 3525 710 3572 ep.
720 3513 745 3558 2.
762 3509 888 3572 Principes
901 3507 934 3556 ad
951 3523 990 3556 me
1007 3507 1135 3572 Ephesum
1152 3519 1228 3568 usque

127 3579 253 3621 venerunt.
283 3569 348 3620 hid.
359 3572 455 3622 Terent.
466 3572 569 3650 Amph.
577 3576 602 3624 4.
613 3579 637 3623 5.
654 3573 752 3624 Sueten.
764 3576 852 3624 Claud.
863 3588 885 3622 c.
895 3576 937 3623 14.

505 3686 531 3733 2.
551 3683 631 3747 Usque
640 3683 703 3733 uvel
714 3683 744 3733 ob
754 3691 795 3732 eut
805 3699 845 3735 ex.

165 3762 244 3826 Usque
254 3777 269 3812 o
280 3764 319 3811 rel
333 3761 363 3812 ab
375 3778 431 3811 cum
447 3749 631 3826 amplissume
649 3764 751 3827 quadum
774 3763 795 3812 ei
829 3764 894 3814 'fient
914 3765 996 3812 locum
1012 3765 1084 3812 unde·
1118 3764 1171 3813 Cic.
1188 3777 1230 3826 pro

130 3826 227 3879 cluent.
243 3830 317 3877 oli&
334 3827 463 3876 Mulierem
481 3843 557 3891 nsque
576 3844 592 3877 e
613 3830 671 3877 urani
697 3844 782 3894 supero
830 3845 909 3878 omum
930 3828 1050 3892 proficisci
1070 3843 1127 3876 cum
1143 3842 1231 3891 magno

130 3893 253 3940 comitutu.
268 3908 324 3943 even
336 3894 404 3950 from
420 3894 504 3954 usfar
521 3910 549 3943 es
565 3895 605 3943 the
621 3893 681 3956 guis
696 3895 725 3952 vs
744 3895 839 3945 Venice.
872 3895 912 3943 Io.
929 3894 1176 3943 l.l.deNui.D.o.
1191 3895 1231 3940 33.

128 3955 279 4006 Enumerusti
296 3959 433 4006 memoriter
450 3973 524 4020 usque
546 3974 561 4007 a
583 3959 685 4006 Thalete
704 3959 804 4008 Milesio
824 3960 854 4008 de
875 3958 960 4008 natura
977 3958 1087 4006 Deorum
1104 3958 1235 4006 sententies

128 4020 337 4084 philosophorum.
370 4023 409 4071 ld.
419 4025 449 4071 ‹le
458 4023 543 4071 Diul.
553 4030 579 4071 et
589 4041 611 4072 c.
623 4027 647 4073 1.
675 4024 753 4073 vetus
765 4024 848 4088 opinio
859 4019 983 4087 estusque
1000 4023 1031 4072 ab
1041 4023 1143 4072 heroicis
1161 4023 1233 4071 dueta

131 4086 287 4148 temporibus.
319 4086 387 4135 Add.
404 4088 443 4136 Id.
456 4103 502 4163 pro
525 4089 595 4138 Sext.
612 4104 635 4138 o.
651 4093 693 4138 ⁶8.
708 4096 734 4137 et
743 4089 761 4138 1.
772 4094 796 4139 7.
814 4088 870 4140 Art.
886 4105 922 4151 ep.
936 4093 961 4139 8.
978 4089 1018 4137 Id.
1035 4094 1050 4139 7
1066 4088 1135 4138 Verr.
1153 4103 1176 4136 c.
1190 4091 1232 4136 10.

132 4149 182 4208 Qui
192 4166 267 4216 usque
278 4167 308 4199 ex
317 4150 400 4198 ultime
410 4151 557 4217 Syrraatque
568 4154 635 4219 AEgy
655 4160 679 4201 to
689 4153 837 4217 navigarent.
870 4155 909 4204 ld.
921 4153 938 4201 l.
951 4153 1040 4204 1.Att.
1052 4169 1065 4202 e
1083 4188 1090 4201 .
1102 4157 1142 4202 11.
1160 4152 1232 4210 Quod

125 4230 169 4270 eos
186 4233 265 4286 usque
282 4213 356 4269 istinc
374 4216 502 4268 exauditos
518 4227 613 4284 putem.
633 4169 701 4282 irum
715 4220 790 4280 uelut
801 4234 828 4269 aa
836 4219 1003 4281 §retribuum
1029 4218 1044 4248 '³
1058 4169 1123 4265 iud.
1139 4214 1235 4269 Terent.

116 4285 184 4340 Eun·
200 4292 226 4345 1.
239 4291 265 4341 2.
285 4288 375 4342 Plaut·
384 4287 460 4341 Pers.
471 4290 499 4338 4.
510 4287 538 4335 2.
