2670 4636
122 236 181 295 134
246 265 250 270 ·
456 231 627 291 HORATH
657 231 900 291 TURSELLINI
1033 237 1214 312 [rannessa

542 379 569 408 ¹
585 379 726 427 Admonitio
742 377 777 425 II.

156 461 251 510 Ciceris.
261 461 277 507 l.
287 464 312 508 2.
327 458 410 508 Instit.
421 432 555 508 Grammat.
563 474 588 522 p.
594 434 654 507 'loa
670 458 728 506 Fors
736 473 831 520 quoque
839 457 956 505 variarum
966 457 1093 518 figurarum
1103 458 1223 506 adverbia

120 526 191 573 fecit:
210 525 321 572 Dicimus
336 523 399 569 enirn
410 524 518 579 forsitan,
529 525 637 577 fortasse,
645 523 764 570 fortassis:
775 531 800 573 et
808 523 982 569 consuetudine
993 521 1089 583 quidem
1102 524 1213 579 obtinuit,

121 599 149 637 ut
168 590 268 636 fortasse
287 588 388 637 libenter
402 587 528 641 diceretur,
546 601 618 648 quarn
632 587 745 641 fortassis,
761 587 872 648 quoniam
890 585 998 633 fortassis
1016 588 1113 633 auribus
1130 589 1214 635 nostris

120 652 244 765 abiurdssuts
253 650 355 764 vitdeiur.
388 650 477 700 Forsan
494 661 519 699 et
532 651 629 699 forsitan
640 651 719 714 poetis
732 651 902 713 relinquemus.
920 666 973 713 quoe
984 650 1071 698 latina
1080 667 1135 700 esse
1143 667 1214 700 nemo

95 744 98 753 ·
139 735 154 764 u
170 725 202 765 rte
221 732 227 762 ι
248 732 293 764 ce.

441 790 446 798 '
469 793 524 857 (ll.
540 795 649 843 Fortasse
659 809 715 841 cum
724 791 866 856 infinitivo.)

155 877 267 925 Fortasse
278 874 351 923 etiarn
361 873 478 921 infinitivo
485 872 601 938 jungitur.
634 872 713 921 Causa
723 881 768 931 est,
787 873 851 937 quod
862 881 1000 935 corruptum
1010 882 1047 923 est
1057 891 1086 922 er
1090 874 1215 934 fortassis,

122 943 169 988 hoc
184 947 263 987 autem
274 938 376 998 exserte
389 954 420 988 an
432 940 474 988 sit.
491 938 575 988 Plane.
588 939 691 987 Mercat-
701 942 725 987 4.
737 941 761 986 d.
781 938 887 986 Fortasse
896 945 921 986 tc
933 941 1002 986 isturn
1013 939 1094 988 mirari
1105 956 1214 1004 coquum.

123 1006 155 1054 cf.
171 1005 265 1054 Poenul.
277 1010 301 1052 5.
312 1009 337 1054 2.
348 1009 373 1050 et
382 1001 449 1050 alibi.
459 1019 482 1050 v.
494 1003 570 1052 Gran.
585 1003 643 1051 Obs.
652 1003 670 1048 l.
681 1007 705 1050 3.
717 1006 771 1077 ⁰5⁹·

512 1155 624 1206 CAPUT
657 1154 823 1204 LXXXVIII.

552 1256 577 1326 l.
603 1254 789 1314 Fuunrrns.

156 1370 292 1418 annrrns
308 1376 345 1416 est
359 1367 466 1428 ejundo,
483 1384 514 1416 ea·
531 1367 587 1416 ime.
598 1384 621 1416 v.
632 1384 655 1431 g.
666 1366 784 1414 Funditus
795 1381 866 1414 canos
877 1366 966 1430 puella,
984 1368 1065 1431 nigros
1080 1380 1141 1418 anns
1154 1371 1215 1418 evel-

123 1435 190 1482 lerat.
225 1436 321 1483 Pleaedr.
330 1433 466 1491 l.2·sal.2.
475 1449 500 1479 v.
508 1436 533 1480 9.
634 1446 636 1451 ·

519 1559 521 1563 «
561 1528 770 1577 Infamata.

129 1673 132 1676 Α
159 1613 212 1662 Cic.
223 1614 338 1725 deterat.
348 1612 366 1660 l.
378 1616 402 1662 ³.
412 1628 434 1660 c.
447 1616 488 1661 50.
507 1609 596 1672 Neque
604 1624 687 1658 earnm
696 1624 775 1656 rernm
785 1623 921 1674 quenquam
928 1611 1038 1660 funditus
1046 1618 1135 1662 natiue
1146 1613 1217 1662 voluit

124 1692 245 1742 aswerpe
285 1693 315 1725 nr.

439 1785 445 1804 ‘
531 1818 645 1868 canuc
677 1817 814 1867 nrxxrn

371 1904 377 1909 ⁴
477 1918 530 1977 Dc
546 1916 697 1978 Aduerbio
720 1917 862 1976 Gnsa1s.

68 2031 73 2042 ‘
158 2037 182 2080 1.
197 2031 300 2082 Gnsrre
309 2029 404 2078 videtur
413 2043 444 2077 ex
457 2027 548 2089 granis
557 2029 647 2101 facturn
657 2042 716 2084 esse,
728 2028 792 2077 unde
804 2034 915 2091 superest
925 2029 1048 2090 ingratiis.
1064 2026 1130 2093 Ergo
1141 2031 1220 2095 signat

126 2097 285 2208 filiali
299 2093 669 2206 'tlttritttlttttt’
677 2092 724 2202 ff
730 2095 840 2206 state
849 2109 888 2205 2⁷¹²
883 2095 966 2207 13²⁹..
974 2094 1067 2212 ilii
1067 2110 1081 2206 ἵ
1092 2097 1192 2208 imi
1200 2107 1221 2144 ⁰·

126 2166 184 2274 41'2.
195 2173 310 2282 (irretiugl⁸
317 2223 418 2270 withan
433 2236 481 2284 any
492 2172 582 2270 relilrn.
602 2172 705 2283 Ciclro
724 2222 819 2271 Cluent-
827 2238 849 2269 c
859 2191 900 2270 29.
916 2188 1010 2284 θΝεφκζ,
1022 2190 1094 2285 gratis
1109 2176 1181 2272 idelllb
1192 2193 1221 2272 eo

125 2285 351 2353 factumesse,quod
359 2284 480 2334 hominem
488 2292 582 2341 norant,
589 2285 736 2347 judicabant.
751 2286 804 2336 tint
814 2286 843 2335 lec
859 2287 936 2334 would
950 2287 1223 2337 neocaesariensem

127 2352 226 2400 witlant
235 2368 251 2402 a
260 2367 336 2402 carere.
367 2350 449 2396 Sermo
460 2355 539 2397 autern
551 2355 588 2396 est
598 2349 629 2395 de
646 2349 750 2404 Staieno,
762 2351 804 2412 qni
813 2349 876 2398 nihil
887 2351 994 2413 pecnniae
1005 2359 1140 2414 acceperat,
1151 2368 1222 2416 quam

127 2415 540 2484 accepissesuspicabantnrornnss.
1072 2439 1074 2442 -

575 2559 689 2608 curun
722 2520 778 2606 xo.

392 2657 441 2716 De
453 2654 613 2717 Adversas
632 2656 705 2716 Huc
724 2656 959 2717 etllncrnnus.
1009 2655 1016 2664 ‘

548 2767 561 2793 ⁹
574 2771 588 2834 i
599 2768 622 2818 1.
635 2774 658 2820 l.
670 2770 736 2820 Hac.

159 2866 218 2978 Htsc
235 2872 272 2916 est
288 2867 332 2915 leuc
347 2865 394 2915 nia·
416 2865 494 2930 Nepos
503 2866 594 2915 Annii.
605 2881 627 2914 c.
637 2871 661 2915 ³.
678 2866 733 2914 Hac
744 2866 827 2929 copias
838 2863 949 2922 traduxit,
966 2865 992 2911 in
1008 2864 1152 2929 Italiamque
1169 2851 1221 2928 pcr-

127 2947 182 2980 vsm
194 2964 202 2978 .
674 2961 677 2966 .
856 2966 859 2971 ,
1210 2958 1211 2963 ,

188 3069 190 3073 .
447 3028 461 3057 ¹
472 3032 496 3077 2.
508 3029 572 3083 Hac,
583 3027 608 3075 id
619 3034 663 3083 est,
674 3029 717 3076 lucc
727 3029 804 3087 modo,
812 3026 903 3074 tralata.

161 3110 256 3158 Terent.
265 3107 356 3157 Hennt.
368 3111 392 3155 2.
399 3111 424 3156 2.
440 3109 493 3156 Hac
504 3123 553 3155 non
564 3109 686 3156 successit.
695 3109 717 3156 ft
729 3109 773 3157 lens
783 3112 824 3155 nol
833 3108 955 3155 amnesi
964 3106 1013 3154 fleis
1023 3121 1084 3168 way.

473 3204 497 3248 ³.
512 3200 692 3262 Hernicaque
701 3199 768 3256 libet,
777 3199 876 3261 ubique.

162 3278 257 3326 Terent.
269 3276 362 3324 Heaut.
370 3281 393 3325 3.
404 3282 429 3326 2.
447 3276 500 3325 Hac
509 3277 566 3325 illac
576 3276 744 3332 circumcursu,
761 3276 930 3323 inveniendum
946 3281 983 3322 est
998 3282 1078 3322 tamen
1091 3286 1221 3338 argentum.

127 3341 226 3390 runtlais
233 3342 339 3403 waynnd
346 3341 451 3396 litamine
460 3355 542 3404 rnaney
551 3346 614 3389 mast
624 3342 651 3390 lre
661 3342 748 3389 raised.
770 3340 826 3387 Huc
837 3341 941 3403 pertinet
952 3339 1013 3386 illud
1023 3340 1099 3399 ejusd.
1114 3343 1223 3392 Ennuclr.

129 3410 151 3454 1.
162 3410 186 3454 2.
209 3404 298 3471 Plenus
306 3403 414 3452 rirnarunr
425 3420 484 3460 sum,
495 3406 539 3452 hac
548 3413 620 3467 atque
630 3405 685 3452 illac
693 3405 790 3468 perfluo.
807 3407 843 3468 (v.
855 3414 880 3451 et
889 3405 952 3460 irinc,
963 3404 1030 3453 illinc
1040 3419 1065 3450 n.
1075 3404 1113 3466 5.)

448 3499 508 3563 §IL
519 3500 675 3560 Hscrsuns3
691 3502 776 3561 sofar,
785 3502 898 3561 tlrnssar.

68 3576 71 3584 '
160 3585 175 3614 '¹
188 3588 212 3632 1.
224 3582 349 3632 Hactenus
358 3596 386 3628 er
398 3581 441 3630 lac
452 3588 477 3628 et
487 3585 557 3631 tenus
565 3582 666 3638 facturn
677 3598 749 3646 nsque
759 3584 790 3631 ad
800 3584 859 3631 hunc
871 3585 998 3644 lacunosa
1010 3580 1137 3629 terminum
1151 3582 1223 3645 signi-

126 3650 191 3696 ficet.
202 3693 203 3697 ,
222 3648 310 3709 Vergil.
327 3646 344 3695 l.
355 3649 380 3695 6.
389 3647 448 3694 AEn.
458 3662 482 3693 v.
493 3651 534 3695 62.
550 3647 603 3695 Hac
613 3647 716 3711 Trojana
725 3654 797 3694 tenus
806 3646 880 3694 fuerit
888 3646 983 3693 fortuna
994 3644 1109 3692 secunde.

161 3713 176 3742 ¹
187 3718 211 3762 2.
220 3712 363 3772 Plerumque
373 3720 498 3773 usurpatur
505 3726 548 3775 per
558 3713 737 3759 translationem
748 3726 792 3774 pro
799 3712 905 3774 mquead
913 3711 1054 3758 nanciacum
1064 3709 1177 3757 carminis
1186 3711 1223 3756 rel

126 3777 250 3826 orationis.
270 3776 358 3836 Virgil.
367 3773 384 3824 l.
393 3779 418 3823 2.
430 3775 519 3838 Georg.
528 3791 553 3823 r.
565 3781 588 3825 1.
597 3776 721 3823 Hactenus
738 3790 846 3822 arvorum
856 3776 934 3823 cultus
945 3781 970 3820 et
980 3772 1058 3820 sidera
1066 3773 1130 3820 coeli.
1152 3773 1222 3822 Nunc

126 3845 160 3895 te,
171 3841 275 3898 Bacche,
283 3855 375 3888 canam.
394 3839 445 3887 Cic.
455 3840 485 3888 de
495 3841 572 3890 Amic.
582 3855 604 3886 c.
614 3844 639 3887 7.
649 3839 773 3888 Hactenus
782 3839 841 3885 mihi
851 3838 940 3894 videor,
952 3838 982 3885 de
989 3836 1161 3900 amicitiaquid
1169 3854 1222 3885 sen-

128 3903 204 3960 tirem,
219 3905 325 3968 potuisse
340 3904 425 3952 dicere.
442 3903 482 3951 Id.
491 3904 508 3950 l.
519 3909 542 3952 6.
560 3904 628 3952 Fam.
639 3919 675 3966 ep.
686 3908 710 3951 2.
729 3902 776 3951 Sed
787 3904 972 3950 barbacanas.
987 3902 1043 3949 tiens
1053 3903 1122 3950 macla
1134 3918 1164 3950 an
1176 3903 1222 3950 ldis

80 4029 81 4032 Ἴ
128 3968 197 4015 lesad-
230 3970 268 4017 fd.
278 3969 295 4016 l.
307 3973 346 4017 11.
364 3968 420 4017 An.
435 3983 471 4030 ep·
483 3971 507 4016 4.
533 3965 656 4014 Hactenus
673 3966 728 4024 fnit,
747 3960 810 4027 qirod
826 3973 895 4015 caute
913 3983 928 4013 a
942 3981 981 4013 me
998 3964 1069 4015 scribi
1088 3974 1180 4028 posset.
1197 3982 1221 4014 so

127 4031 195 4080 nnsis
206 4031 372 4082 sonneras
381 4031 534 4095 masnata.
898 4065 903 4068 -

428 4127 477 4186 93.
489 4127 752 4189 Hactenus-amplius,
769 4135 927 4189 opponuntur.

154 4207 236 4254 Celsi
252 4205 320 4254 Verr.
332 4223 354 4254 c.
364 4210 406 4256 25.
428 4206 540 4258 Nimium
556 4207 654 4258 fortnas
673 4207 739 4257 dicct
747 4206 835 4270 aliquis
844 4209 907 4255 nunc
919 4208 1066 4269 diligentem.
1101 4207 1221 4256 Hactenus

31 4300 39 4314 .
103 4270 313 4332 reprebendatsr'
328 4273 385 4336 quis
401 4275 478 4333 volat,
496 4274 560 4325 nihil
571 4275 688 4342 amplius.
702 4271 890 4341 (hasnoniae.)
1020 4341 1028 4355 N
