2670 4636
163 222 182 280 6
599 217 824 283 PRAEFATIO.

163 367 299 448 legimus,
312 367 513 447 exposuimus.
555 365 614 426 Alii
627 376 659 427 et
670 377 838 428 commenta
852 378 950 429 suaet
965 370 1185 431 observationes
1205 371 1260 430 ad·

164 464 239 530 daut
251 483 307 526 suo
320 464 471 525 arbitratu.
503 463 569 544 Ego
582 463 626 524 eis
641 467 794 543 nunquam
807 465 984 527 reclamabo.
1007 467 1155 536 Quocirca
1168 487 1260 546 quum

165 562 352 625 Faeciolatus
371 571 509 642 rugatum
526 581 559 622 se
569 561 652 633 velit,
665 581 734 621 eum
754 582 810 626 nos
830 562 879 623 hic
893 583 1033 644 rogamus
1046 565 1147 636 etiam,
1167 575 1203 624 ut
1221 565 1261 625 de

164 658 326 721 subtilitate
348 659 514 739 argumenti
540 657 619 719 illius
644 659 700 731 sui,
722 659 804 740 quod
827 660 899 733 dixi,
921 661 1076 722 nobiscum
1100 661 1262 722 liberaliter

162 757 380 819 eommunicet:
404 776 474 816 nam
488 755 726 817 observationum
747 757 810 836 ejus
832 756 980 820 desiderio
1002 779 1065 820 non
1086 759 1260 838 flagramus.

163 853 249 929 Vale,
262 854 356 916 lector
367 853 591 925 humanissime,
605 862 637 913 et
650 853 676 913 si
689 872 845 927 meremur,
859 855 936 916 lare.

569 1075 862 1165 EJUSDEM

303 1233 566 1345 ramrnrro
590 1279 844 1346 rnrrrours
868 1278 1119 1345 securium.

165 1443 242 1530 Qur
257 1463 371 1515 veteres
385 1454 475 1516 libros
490 1457 585 1516 bonos
600 1456 760 1516 identidem
775 1458 805 1516 in
821 1456 916 1516 lucem
933 1465 1074 1515 revocant
1094 1464 1125 1515 ct
1144 1467 1263 1528 ornant,

163 1552 185 1613 ii
209 1551 379 1612 doctoribus
401 1552 462 1612 suis
483 1563 514 1612 et
533 1553 575 1613 rei
588 1552 726 1614 literaria
739 1555 834 1634 majus
844 1553 974 1613 officium
995 1560 1136 1632 praestare
1161 1552 1265 1613 viden-

164 1657 326 1728 tur,=quam
340 1649 390 1730 qui
405 1669 476 1710 suas
486 1650 709 1711 lucubrationes
722 1650 827 1724 edunt,
841 1652 908 1711 novi
919 1649 991 1709 nihil
1003 1660 1055 1709 aut
1065 1660 1144 1709 certe
1156 1669 1262 1730 parum

164 1744 292 1807 allaturi.
335 1747 413 1806 Nam
428 1748 619 1829 praeceptoris
634 1748 804 1809 memoriam
817 1765 982 1828 propagare
995 1746 1111 1807 eximiae
1125 1745 1262 1806 humani-

163 1843 234 1903 tatis
246 1851 312 1903 est:
337 1843 423 1904 novis
436 1844 593 1925 praeceptis
607 1854 721 1906 veteres
743 1843 877 1924 ejusdem
899 1843 1123 1904 observationes
1138 1836 1263 1924 amplifi&

163 1954 244 2014 care,
267 1939 390 2000 rationis
417 1958 454 2000 ac
478 1940 654 2022 disciplinae.
697 1943 809 2002 lccirco
835 1941 913 2000 enirn
928 1951 1042 2001 veteres
1063 1941 1194 2020 cogitata
1207 1960 1263 2000 sua

163 2035 314 2098 literarum
324 2038 523 2097 monumentis
534 2039 790 2112 commendarunt,
800 2048 833 2098 ut
844 2056 899 2098 noe
910 2038 945 2097 iis
955 2037 1047 2117 adjuti
1057 2037 1095 2096 ad
1105 2054 1262 2111 summum,

163 2131 266 2195 siheri
277 2134 384 2216 possit,
397 2133 541 2196 doctrinm
565 2136 713 2216 fastigium
739 2137 894 2196 enitamur.
936 2135 1090 2195 Enitemur
1109 2143 1208 2193 autem
1222 2132 1265 2193 ita

162 2228 314 2304 facillime,
332 2231 358 2292 si
379 2231 570 2308 adminicula,
593 2233 651 2294 hoc
665 2243 722 2307 est,
742 2234 809 2294 libri
825 2242 939 2293 veteres
949 2251 1042 2313 >quam
1056 2230 1221 2310 plenissimi
1234 2240 1266 2290 et

162 2327 397 2390 commodissimi
409 2328 585 2403 efficiantur,
600 2338 697 2409 neque
711 2350 758 2404 ea,
772 2330 884 2409 quaein
898 2349 990 2389 unum
1004 2328 1135 2389 libellum
1144 2328 1265 2407 congeri

163 2434 302 2504 possunt,
325 2426 355 2485 iu
375 2424 506 2486 infinitos
521 2426 734 2488 diffundantur.
776 2429 842 2508 Ego
856 2427 946 2508 igitur
960 2446 1027 2487 curn
1041 2425 1166 2505 plurima
1186 2445 1264 2485 sem-

162 2538 216 2602 per
240 2542 277 2582 ex
300 2522 467 2583 Tursellino
487 2523 665 2599 hausissem,
689 2546 757 2604 quse
780 2545 828 2586 me
850 2525 1050 2591 delectarent;
1079 2525 1173 2583 multa
1193 2542 1265 2583 vero

163 2616 294 2679 indidem
317 2620 427 2680 frustra
449 2621 665 2700 exquisissem:
687 2620 826 2702 pleraque
850 2631 990 2703 corrupta
1013 2619 1163 2680 viderem:
1187 2621 1265 2680 bene

163 2723 282 2795 tempus
296 2734 393 2778 meum
411 2717 610 2779 collocaturus
632 2719 764 2791 videbar,
789 2720 815 2779 si
838 2739 947 2798 magno
971 2718 1072 2778 labore
1096 2719 1176 2778 bona
1199 2717 1264 2795 ejus

164 2813 296 2898 cogitata
307 2815 521 2890 confirmarem,
531 2826 632 2877 vetera
642 2817 862 2896 amplificarem,
876 2816 1038 2896 depravata
1050 2813 1237 2892 corrigerem.

205 2911 247 2970 ΙΙ.
267 2909 398 2980 Primum
413 2912 500 2990 igitur
521 2933 588 2973 cum
609 2913 793 2974 Tursellinus
816 2913 977 2993 particulas
990 2923 1130 2991 tanquam
1156 2927 1264 2973 nervos

163 3006 311 3086 quosdam
336 3027 355 3068 a
376 3008 489 3088 reliquo
503 3011 643 3071 orationis
658 3030 791 3092 corpore,
816 3009 897 3093 quod
911 3010 971 3070 illae
985 3008 1160 3081 animarent,
1185 3026 1265 3089 saepe

164 3104 209 3164 sic
220 3104 399 3179 rescidisset,
418 3116 453 3165 ut
463 3128 531 3187 quoe
544 3118 574 3168 et
586 3120 699 3189 quanta
712 3107 922 3188 particularum
937 3107 981 3165 vis
995 3112 1086 3176 esset,
1108 3123 1196 3164 nemo
1208 3105 1264 3163 tiro

164 3199 296 3263 rideret:
324 3222 381 3282 ego
403 3207 534 3264 membra
555 3206 695 3265 orationis
719 3205 896 3285 scriptorum
922 3202 982 3261 fere
996 3201 1043 3261 vel
1066 3200 1192 3280 integra,
1216 3199 1265 3260 vel

163 3306 245 3358 certe
257 3298 437 3360 cohaerentia
450 3286 601 3382 proposui,
614 3310 648 3360 rrt
661 3320 721 3379 quo
734 3301 1007 3382 nervi'pertineant,
1018 3306 1050 3357 et
1063 3298 1144 3375 quod
1159 3291 1265 3357 neruo-

163 3413 228 3454 rum
242 3396 370 3455 officium
386 3396 434 3468 sit,
445 3399 574 3478 perspici
588 3416 668 3458 nunc
683 3397 824 3458 facillime
838 3410 941 3477 queat.

206 3492 263 3553 lll.
286 3493 390 3573 Siqua
403 3513 473 3555 vero
487 3495 530 3554 uis
557 3504 588 3554 et
608 3513 681 3554 usus
702 3495 914 3575 particularum
938 3492 1105 3553 metiendus
1127 3501 1208 3551 esset
1228 3511 1267 3550 ex

163 3587 290 3668 longiori
304 3591 444 3651 orationis
459 3592 544 3664 serie,
566 3612 654 3670 quam
669 3611 737 3671 quae
751 3593 781 3650 in
794 3592 884 3652 libelli
898 3590 987 3670 liujus
1003 3589 1149 3669 angustiis
1165 3588 1265 3648 locum

163 3685 323 3748 inveniret:
350 3701 411 3748 turo
434 3689 645 3768 perficiendum
671 3689 755 3749 nobis
781 3689 960 3768 putavimus,
984 3687 1115 3747 utlocus
1131 3685 1266 3764 situsque

162 3785 373 3863 particularum
387 3805 424 3846 ex
437 3785 509 3864 ipsis
524 3786 715 3867 scriptoribus
741 3786 868 3866 perspici
887 3796 997 3866 posset.
1039 3783 1265 3861 Assignavimus

163 3881 254 3962 igitur
275 3883 418 3964 exemplis
440 3884 551 3943 autoris
575 3904 661 3943 suurn
686 3884 793 3962 cuique
808 3883 918 3954 locum,
937 3900 1024 3961 quem
1039 3881 1068 3939 in
1083 3879 1200 3959 scriptis
1215 3898 1265 3938 ve·

162 3988 258 4042 terum
269 3982 411 4053 obtinent,
424 3981 609 4061 paucissimis
624 3983 766 4061 exceptis,
782 4000 850 4060 quoe
864 3992 916 4040 aut
930 3978 1116 4058 diligentiam
1131 3984 1264 4036 nostram

164 4079 415 4157 subterfugerunt,
431 4088 482 4138 aut
505 4097 652 4157 nusquam
675 4077 705 4137 in
727 4091 857 4139 ueterum
872 4077 953 4136 libris
968 4075 1163 4154 reperiuntur,
1185 4084 1265 4133 certe

164 4195 225 4236 non
239 4174 321 4247 talia,
332 4177 433 4255 qualia
445 4177 529 4237 nobis
541 4175 725 4236 Turselliuus
739 4177 769 4235 iu
783 4185 946 4270 conspectu
961 4171 1055 4253 pouit.

205 4268 256 4334 tv.
278 4270 491 4352 Reliquis-item
505 4273 659 4354 exemplis,
672 4291 797 4354 quorum
812 4269 989 4334 sententiam
1004 4269 1108 4348 paucis
1123 4286 1160 4328 ex
1170 4266 1265 4327 verbis
