2670 4636
173 223 191 280 8
617 216 841 278 PRAEFATIO.

172 364 267 426 litera
291 365 364 426 satis
388 383 604 447 magnasque
627 365 780 426 oculorum
800 366 894 428 aciem
908 386 1096 448 nequaquam
1117 367 1270 432 hebetent.

171 462 250 522 Sunt
263 462 365 523 forma
379 462 528 524 literarum
542 465 584 523 ita
597 462 728 534 variatae,
749 473 783 523 ut
804 483 864 524 non
873 465 976 528 ‚solum
989 465 1124 545 exempla
1138 467 1237 527 statim
1253 486 1272 527 a

101 624 112 647 .
169 559 328 640 preceptis
342 569 373 620 et
386 560 577 638 scriptoribus
588 559 716 619 discerni
730 571 852 639 queant,
868 561 1031 633 sedetiam,
1046 582 1114 642 quae
1125 563 1272 641 particula

171 676 226 737 pro
238 676 299 736 qua
310 657 409 737 posita
423 657 472 730 sit,
482 656 548 736 ipsa
564 656 715 717 literarum
729 655 920 718 similitudine
936 657 1165 720 demonstretur.

211 755 251 816 X.
274 754 349 814 Haec
373 754 433 814 fere
448 763 528 826 sunt,
553 773 620 834 quse
636 753 674 812 de
688 753 847 832 superioris
862 754 1000 816 editionis
1016 759 1194 835 praestantia,
1205 776 1270 818 rno-

132 925 135 928 ⁴
169 851 271 910 nenda
295 849 479 912 videbantur.
522 849 562 910 lis
586 869 667 910 nunc
695 849 755 909 duo
783 851 968 929 potissimum
997 851 1076 913 addo
1105 864 1268 917 momenta.

171 947 270 1007 Unum
295 958 351 1021 est,
375 946 456 1027 quod
480 957 591 1007 nostrae
604 947 771 1029 praefationi
795 948 929 1028 praefatio
943 948 1100 1008 Tursellini
1114 951 1270 1029 praemissa

167 1044 217 1105 sit.
261 1043 392 1105 Necesse
413 1055 460 1104 est
474 1044 563 1115 euim,
586 1054 618 1103 ut
630 1043 863 1105 adolescentulis
883 1045 921 1104 de
935 1046 1114 1109 necessitate
1128 1045 1217 1124 hujus
1232 1047 1269 1106 li-

166 1140 238 1201 belli
250 1150 378 1214 constet,
398 1160 487 1221 quarn
500 1140 635 1218 praefatio
649 1139 701 1200 illa
716 1139 913 1201 demonstrat.
955 1142 1020 1220 Ego
1032 1141 1152 1221 quidem
1168 1143 1268 1204 adhuc

166 1237 346 1318 experiendo
371 1237 470 1309 didici,
495 1237 712 1310 adolescentes,
736 1238 787 1315 qui
812 1236 842 1297 in
864 1237 1048 1317 explicandis
1074 1239 1267 1317 scriptoribus

166 1335 297 1415 antiquis
312 1334 351 1394 ad
364 1332 572 1414 particularum
589 1354 675 1393 nsum
697 1334 850 1394 attendere
866 1335 944 1414 jussi
959 1345 1060 1395 essent
1074 1344 1104 1395 et
1118 1336 1268 1396 attendis-

165 1441 242 1506 sent,
263 1451 324 1493 non
344 1441 443 1512 partes
464 1432 553 1490 modo
566 1431 714 1493 chriarum
730 1443 760 1492 et
773 1432 1035 1504 oratiunculam,
1058 1432 1113 1491 sed
1129 1432 1266 1513 singulas

164 1529 255 1590 etiam
268 1527 405 1610 periodos
427 1538 458 1589 et
475 1528 663 1609 periodorum
676 1539 775 1610 partes
797 1529 953 1590 commode
968 1541 999 1589 et
1014 1529 1142 1589 scienter
1153 1549 1266 1604 counef

164 1635 264 1688 ciere:
290 1646 382 1706 quum
403 1625 507 1704 reliqui
528 1626 722 1686 institutionis
746 1626 834 1705 bujus
861 1637 998 1706 expertes
1013 1636 1123 1687 temere
1136 1639 1265 1699 ruerent,

164 1743 379 1805 usquequaque
393 1721 578 1783 offenderent
591 1741 626 1782 ac
642 1743 722 1801 saepe
737 1723 910 1803 gravissime
925 1724 1107 1783 laberentur.

206 1820 261 1882 Xl.
282 1820 416 1880 Alterum
429 1830 611 1878 momentum
624 1820 752 1898 pertinet
771 1819 810 1878 ad
824 1819 956 1879 libellum
971 1821 990 1880 J
993 1821 1078 1880 acobi
1091 1820 1265 1893 Facciolati,

162 1916 249 1998 cums
269 1917 350 1977 bona
369 1915 417 1976 hic
441 1916 569 1976 breviter
589 1915 732 1975 intuenda
756 1925 836 1977 suut.
878 1917 955 1975 Nam
975 1916 1018 1976 vir
1043 1916 1262 1977 eruditissimus

163 2013 385 2079 observationes
410 2012 551 2092 plurimas
565 2032 582 2071 e
595 2011 670 2073 libro
683 2022 785 2074 nostro
799 2013 829 2072 in
845 2033 930 2073 suum
951 2014 1114 2086 transtulit,
1138 2021 1263 2093 peccata

162 2111 320 2173 Tursellini
336 2109 452 2170 anobis
467 2119 569 2169 notata
582 2108 702 2182 delevit,
725 2129 803 2170 nova
814 2110 953 2190 quaedam
975 2112 1012 2170 ab
1034 2110 1099 2170 aliis
1124 2111 1263 2190 neglecta

160 2207 382 2289 et.quide1n,'ut
395 2203 487 2267 videri
500 2205 574 2277 vult,
596 2207 765 2267 necessaria
779 2207 949 2279 admiscuit,
970 2228 1038 2287 quse
1060 2226 1115 2267 nos
1138 2208 1176 2267 de
1196 2210 1263 2269 irni-

158 2305 281 2368 tationis
302 2303 448 2369 cautione.
461 2303 637 2376 monuimus,
656 2303 712 2363 sibi
731 2303 833 2364 itidem
848 2304 991 2376 attribuit,
1012 2323 1067 2363 sua
1081 2303 1260 2383 quibusdam

155 2403 219 2484 jam
231 2411 300 2462 aute
310 2400 470 2465 editionem
480 2400 629 2478 praeconio
640 2397 733 2478 digna
743 2419 810 2460 esse
821 2401 886 2460 visa
896 2399 1050 2480 praedicat,
1062 2401 1172 2460 lurtum
1183 2421 1262 2481 pene

160 2499 247 2561 nobis
259 2499 427 2579 exprobrat,
452 2496 645 2559 secretionem
666 2498 904 2558 observationum
918 2495 1076 2556 Tursellini
1089 2507 1121 2557 et
1141 2507 1261 2559 nostra·

159 2581 225 2657 runi
240 2593 384 2655 subtiliter
391 2591 590 2670 reprehendit,
604 2592 712 2653 multas
724 2579 945 2653 observationes
960 2603 1078 2653 nostras
1091 2592 1259 2656 inutilitatis

158 2701 291 2764 accusat,
315 2688 443 2768 denique
463 2686 576 2747 minuta
589 2688 727 2765 quaedam
740 2691 770 2748 in
784 2709 894 2769 magna
909 2689 1061 2749 literarum
1078 2690 1145 2750 luce
1158 2690 1259 2754 videre

84 2785 86 2790 ’
158 2808 215 2852 uns
228 2787 361 2867 potuisse
375 2795 477 2863 negat.
528 2862 532 2867 Ι
899 2848 905 2857 ,

200 2885 273 2946 XII.
294 2882 389 2944 Nobis
400 2901 469 2941 vero
481 2882 650 2961 'gratissima
661 2892 732 2942 sunt
741 2881 1041 2963 hujusmodijudicia.
1077 2883 1154 2942 Nam
1165 2902 1258 2962 quum

158 2985 225 3067 ipsa
237 2981 289 3042 illa
303 2978 463 3072 Facciolati
476 2980 611 3059 praelatio
625 2982 654 3041 in
669 2980 835 3059 elegantem
855 2978 1065 3058 particularum
1084 2998 1172 3038 usum
1186 2998 1257 3058 pec-

157 3095 218 3154 cet,
240 3078 381 3139 invidiam
405 3097 443 3137 ex
466 3076 604 3137 editionis
624 3080 734 3137 nostrae
755 3075 895 3136 felicitate
917 3084 1092 3154 conceptam
1114 3075 1257 3148 declaret,

156 3178 284 3257 ineptias
303 3173 402 3257 palam
424 3174 553 3248 affectet,
572 3195 593 3236 a
605 3174 761 3237 Latinitate
776 3174 865 3251 longe
877 3170 971 3232 absit:
996 3171 1186 3250 perspicuum
1200 3183 1257 3246 est,

155 3274 288 3337 emditos
312 3291 414 3332 omnes
436 3291 554 3353 aequum
579 3280 610 3331 at
631 3290 698 3331 acre
720 3269 867 3349 judicium
891 3269 928 3328 ab
952 3268 1065 3329 Autore
1087 3277 1256 3351 expectare.

158 3371 337 3450 Nonigitur
356 3389 480 3436 necesse
497 3381 553 3441 est,
574 3367 660 3433 utad
681 3365 1015 3446 hujusmodiscriptoris
1035 3363 1254 3425 admonitiones

155 3469 383 3552 respondeatur.
423 3466 484 3527 Sed
498 3476 597 3526 tamen
611 3474 644 3524 ut
655 3464 750 3544 magis
765 3465 920 3542 magisque
935 3461 1084 3540 intelligat
1099 3461 1253 3522 Facciola-
1308 3485 1310 3488 ·

155 3586 216 3643 tus,
239 3564 342 3648 quanti
364 3584 419 3625 uos
440 3563 610 3644 aequitatem
632 3562 695 3641 ejus
711 3571 742 3622 et
759 3560 903 3640 judicium
918 3559 1072 3631 faciamus,
1094 3558 1194 3636 aliqua
1204 3558 1254 3619 bic

156 3665 313 3730 addemus.

149 3822 152 3827 ,
195 3763 284 3828 ΧΙΙΙ.
306 3759 436 3835 Primum
454 3758 543 3838 igitur
562 3758 647 3827 facile
661 3756 798 3837 patimur,
820 3754 1020 3815 Facciolatum
1037 3753 1156 3812 anobis
1171 3755 1252 3813 bona

153 3861 295 3931 sumsisse
311 3856 457 3936 plurima,
484 3867 515 3915 et
537 3876 605 3934 quae
630 3842 993 3932 uos-‚improbaveramus,
1019 3848 1251 3911 condemnasse.

45 3976 48 3983 ·
154 3959 215 4023 Sed
236 3957 343 4018 uitiosa
366 3954 404 4014 de
417 3952 576 4013 Tursellini
594 3950 794 4013 monumentis
808 3967 951 4016 ‚resecare
964 3947 1078 4006 homini
1101 3946 1251 4008 Germano

26 4041 36 4057 ’
151 4075 213 4118 non
232 4054 351 4116 licebat.
393 4049 471 4108 Nam
485 4049 550 4110 libri
563 4060 593 4110 et
606 4059 706 4128 partes
719 4048 860 4108 librorum
881 4054 952 4105 suut
965 4043 1150 4124 ingeniorum
1166 4045 1251 4128 testi7

152 4153 263 4217 monia.
291 4146 445 4227 Estigitur
454 4147 668 4211 Germanorum
678 4145 856 4226 integritatis
868 4153 898 4204 et
906 4141 1056 4214 candoris,
1067 4150 1101 4201 ut
1111 4139 1250 4220 religiose

150 4259 279 4321 tractant
288 4246 467 4320 testimonia,
478 4266 538 4307 uon
550 4245 715 4311 ambitiose.
756 4241 877 4310 Homini
891 4238 967 4331 Italo
980 4239 1005 4300 si
1019 4238 1048 4298 in
1063 4238 1248 4319 popularium
