2670 4636
117 273 178 331 414
440 267 611 328 HORATII
640 267 882 329 russanum
1060 272 1218 350 [eurus

320 419 359 464 30.
377 415 479 464 Tauium
489 415 563 470 abest,
574 419 610 463 ιι4.
628 414 730 462 Tuscium
739 413 814 470 ubere,
826 415 922 471 meis,
932 414 1014 465 etiarm

103 548 106 555 ,
152 495 256 546 Tantam
265 496 339 552 ebert,
348 496 456 559 jungitur
466 510 521 543 cum
535 501 570 547 nt,
581 493 700 541 interdum
710 496 810 543 ιιιιιιιιίι
824 495 877 550 eie,
886 504 929 544 aut
945 497 1026 546 etium·
1064 497 1220 547 Cie.l.l.de

123 558 177 625 Off.
189 577 210 608 c.
222 566 262 611 14.
279 561 309 609 14
318 568 386 608 tantu
402 578 408 606 ι
419 560 524 608 abestab
532 559 617 621 officio,
627 573 654 606 ut
665 559 726 606 nihil
736 559 813 607 officio
823 562 899 624 magis
909 563 985 624 possit
998 575 1054 610 esse
1066 561 1220 610 colmanum.
1251 560 1257 574 ¹

121 626 160 675 14.
172 626 228 676 Aet.
239 626 257 674 1.
268 631 306 675 13.
315 641 350 689 cp.
363 579 403 674 ei.
419 625 521 672 Tantum
533 639 601 687 porro
613 626 702 679 aberat,
713 632 739 671 ut
750 625 817 671 binos
827 626 973 684 scriberent;
989 626 1029 673 vir
1039 627 1152 689 singulos
1163 641 1219 673 con·

119 689 235 739 iecerunt.
252 707 290 753 my
308 690 464 739 transcribere
480 704 541 738 were
557 705 584 737 so
596 688 642 747 far
651 688 717 748 from
736 691 836 752 making
852 698 899 738 tuo
914 692 999 752 cupies,
1018 692 1072 740 tbut
1090 691 1148 754 men
1164 691 1220 739 luet

119 757 223 818 scarcely
234 757 361 817 completuri
370 769 421 803 orte.
455 756 493 802 Id.
504 755 520 800 1.
532 761 556 802 ὁ.
566 757 595 802 de
606 754 663 802 Fla.
674 769 696 800 c.
703 755 743 801 20.
760 756 814 810 Qua
825 755 850 802 in
860 755 908 802 vita
918 764 1010 803 tantum
1022 757 1100 812 abest,
1111 766 1142 803 nt
1153 756 1218 803 vola·

119 827 200 885 ptstes
216 828 396 869 consectentur:
414 819 486 866 etiam
503 834 579 876 curas,
598 817 772 874 solicitudines,
783 818 875 882 vigilias
886 821 1017 883 perferunt.
1049 820 1135 868 *ndu
1150 821 1219 868 ΒΜ.

121 899 142 933 c.
155 888 194 933 8⁰.

262 953 302 998 31.
320 950 421 998 Tantam
432 949 506 1002 obest.
518 953 552 1002 ut,
570 963 624 994 curn
636 952 662 996 ut
673 950 785 1003 maxime,
796 954 824 997 at
834 949 936 1004 minime,
949 954 974 998 ut
984 947 1080 998 oulde.⁶

153 1027 254 1077 Tauium
271 1029 337 1078 abest
351 1033 387 1087 ut,
404 1026 516 1076 adsciscit
525 1028 644 1074 interdurn
661 1033 689 1075 ut
702 1029 813 1083 maxime,
830 1034 858 1077 ut
868 1029 970 1085 minime,
990 1035 1017 1078 ul
1034 1031 1114 1087 ualde,
1131 1039 1158 1078 et
1174 1030 1218 1078 uiis

120 1092 245 1156 ejusmodi.
265 1094 316 1142 Cic.
329 1094 465 1142 1214444.
479 1095 526 1149 Qu.
538 1109 559 1139 c.
570 1099 593 1140 9.
612 1092 749 1140 Carneades
763 1101 856 1139 tanturn
870 1094 952 1140 abesse
964 1095 1072 1150 dicebat,
1083 1105 1111 1142 ut
1128 1095 1153 1141 id
1164 1110 1217 1141 con-

120 1168 261 1204 sentaneum
279 1165 350 1212 esset,
369 1167 396 1206 ut
411 1157 515 1204 maxime
532 1159 604 1204 etiam
619 1166 773 1219 repugnaret.
806 1158 1029 1207 temeraretur.
1048 1165 1089 1208 14.
1114 1159 1217 1207 Tantum

120 1222 198 1280 abest,
212 1233 238 1268 ut
249 1223 353 1270 amicitia
365 1231 459 1285 propter
467 1222 622 1285 indigentiam
633 1223 733 1278 colatur,
745 1230 772 1268 ut
778 1221 805 1276 ii,
817 1223 859 1284 qui
870 1222 965 1270 minime
977 1224 1076 1272 alterius
1086 1223 1217 1287 indigeant,

119 1285 279 1334 liberalissimi
294 1287 350 1335 sint.
383 1287 421 1335 14.
431 1286 486 1336 Aac.
502 1288 519 1334 l.
532 1290 555 1334 t.
573 1302 607 1349 ep.
625 1290 648 1333 3.
675 1287 778 1334 Tantum
789 1288 864 1344 abest,
882 1288 961 1335 utiile
977 1303 1058 1336 meam
1076 1290 1217 1337 sententiam

120 1359 224 1407 moreat,
234 1361 261 1398 ut
273 1353 340 1400 valde
355 1367 400 1414 ego
417 1351 473 1414 ipsi,
484 1351 548 1414 qnod
559 1352 588 1398 de
600 1366 642 1398 sua
653 1352 773 1398 sententia
783 1351 927 1407 discesserit,
944 1353 1111 1416 paenitendum
1127 1363 1216 1418 putem.

121 1415 161 1465 14.
174 1417 244 1465 Orat.
256 1434 277 1465 c.
288 1423 329 1466 68.
338 1417 440 1465 Tantum
450 1417 525 1472 abest,
536 1424 564 1462 ut
569 1426 694 1463 enervetur
704 1417 789 1479 cratin,
799 1427 825 1465 ut
833 1418 901 1465 aliter
908 1418 931 1463 in
941 1433 969 1465 ea
976 1434 1023 1466 nec
1029 1419 1139 1480 impetus
1151 1419 1216 1473 ullus,

121 1495 168 1529 uec
178 1481 213 1528 ris
224 1484 366 1545 essepossit.
385 1483 424 1530 14.
435 1482 546 1530 udBrut.
557 1497 593 1542 ep.
605 1486 629 1529 u'.
645 1481 746 1528 Tantum
755 1481 829 1536 abest,
842 1482 952 1535 utPansa
961 1482 992 1529 de
1003 1485 1112 1532 exercitu
1124 1483 1217 1532 suotibi

120 1545 211 1608 aliquid
222 1546 318 1602 tribum,
335 1557 362 1594 ut
372 1545 443 1593 etiam
454 1548 550 1593 moleste
560 1547 630 1604 ierat,
643 1556 690 1592 tam
700 1547 787 1592 multus
802 1546 833 1593 ad
842 1554 866 1594 te
876 1547 911 1594 ire
920 1547 1079 1596 voluntarios.

405 1644 420 1673 *
432 1647 471 1692 32.
490 1644 592 1692 Tantum
602 1643 676 1704 obest,
688 1647 723 1698 at,
739 1658 792 1690 cunr
807 1648 833 1691 ut
844 1644 924 1693 etium.

156 1725 260 1789 Cinpm
273 1726 340 1774 Man.
351 1741 373 1773 c.
384 1728 424 1774 24.
440 1724 544 1771 'santum
561 1724 636 1779 abest,
655 1733 682 1771 ut
698 1724 802 1786 aliquam
818 1724 905 1772 bonam
923 1726 1024 1784 gratiam
1036 1725 1217 1790 mihiquaesisse

120 1788 211 1845 videar,
226 1797 254 1837 ut
265 1791 350 1838 multas
361 1789 435 1838 alienu
446 1791 579 1837 simultates
590 1788 721 1852 intelligam
728 1790 788 1836 mihi
798 1803 845 1836 non
856 1790 1010 1847 necessarias,
1021 1790 1093 1839 vobis
1107 1806 1157 1839 non
1166 1792 1217 1839 inu-

120 1853 176 1901 tiles
186 1855 325 1919 suscepisse.
360 1856 399 1904 14.
410 1856 426 1900 l.
440 1858 479 1902 12.
490 1855 560 1902 Fam.
573 1870 608 1918 ep.
618 1857 657 1902 12.

302 1952 316 1982 i
327 1957 367 2001 33.
381 1953 479 2000 Tantrrm
490 1950 556 2000 abest
567 1958 593 2000 ut
605 1967 659 1999 cum
669 1957 694 2000 at
706 1958 795 2008 cantra,
807 1958 834 2001 ut
848 1953 899 2008 uix,
911 1960 937 2002 ut
945 1955 1034 2018 potius.

153 2033 209 2082 tta.
220 2034 237 2080 l.
251 2037 274 2081 6.
285 2050 307 2081 c.
319 2036 358 2081 lt.
375 2031 423 2080 Cui
431 2032 467 2079 rei
478 2040 568 2079 tantum
581 2032 655 2088 abest,
667 2039 694 2079 ut
704 2031 874 2095 impedimento
886 2033 939 2089 sim,
951 2041 1073 2081 utcontra
1085 2040 1119 2093 te,
1130 2032 1215 2090 Manli,

120 2096 241 2154 edborter,
250 2098 337 2145 liberes
348 2098 434 2144 foenore
446 2098 541 2158 plebem
552 2096 693 2144 Romanam.
714 2098 751 2146 Ib.
764 2113 785 2144 c.
797 2101 837 2145 31.
855 2097 883 2144 In
898 2112 945 2160 qua
955 2096 1117 2158 trepidatione
1125 2105 1216 2146 tanturn

119 2163 206 2222 abluit,
215 2173 241 2209 ut
249 2162 328 2210 civilia
335 2161 461 2210 certamina
469 2170 542 2208 terror
552 2170 664 2208 externus
675 2161 804 2216 cohiberet,
815 2168 929 2210 utcontra
938 2177 967 2211 eo
973 2162 1105 2209 violentior
1112 2171 1217 2223 potestas

120 2226 242 2275 tribunitia
257 2226 409 2290 impediendo
427 2226 531 2273 delectui
549 2231 619 2273 esset.
652 2226 717 2274 141.
728 2230 766 2274 12.
777 2243 799 2274 c.
811 2231 836 2275 5.
852 2226 955 2274 Tantum
965 2228 1059 2285 aberat,
1076 2236 1106 2274 ut
1123 2243 1168 2275 sna
1185 2227 1216 2274 si·

120 2306 168 2352 gne
178 2299 248 2354 atque
264 2291 371 2339 ordinem
381 2299 407 2338 et
420 2290 496 2337 locum
507 2298 616 2338 nosceret
626 2290 703 2351 miles,
720 2300 747 2337 ut
765 2290 801 2337 vix
814 2293 844 2338 ad
855 2307 919 2339 arma
936 2291 1054 2355 capienda
1070 2299 1217 2354 competeret

120 2355 220 2405 animus.
253 2357 352 2404 Hirtius
363 2355 395 2403 Δ.
406 2371 427 2403 c.
442 2358 479 2402 13.
491 2356 504 2416 b
516 2359 555 2402 22.
572 2354 625 2401 Hoc
636 2354 778 2402 detrimento
788 2356 878 2403 milites
888 2356 962 2402 nostri
973 2364 1070 2403 tantum
1082 2356 1215 2412 abfuerunt,

120 2428 147 2467 ut
157 2420 358 2483 perturbarentur,
375 2429 403 2466 nt
416 2419 509 2466 incensi
519 2419 599 2481 potius
613 2427 684 2481 atque
702 2419 796 2467 incitati
808 2435 904 2482 magnas
915 2421 1067 2469 accessiones
1076 2421 1180 2469 iecerint
1192 2421 1217 2468 in

118 2485 232 2549 operibus
241 2487 343 2534 hostium
354 2483 527 2548 expugnandis.

248 2588 288 2634 34.
307 2586 409 2633 Tantum
419 2581 573 2630 adverbium⁷
590 2591 614 2630 et
626 2585 783 2632 tantummodo
795 2598 838 2647 pro
848 2584 922 2632 sulum
931 2592 957 2631 et
965 2586 1097 2634 duntaxat.

151 2665 219 2728 Saepe
234 2680 276 2727 pro
286 2666 361 2713 solinu
372 2671 413 2711 aut
422 2666 540 2712 duntaxat
553 2665 686 2726 usurpatur.
706 2665 782 2713 ctas
796 2665 885 2713 Purud.
903 2665 999 2712 Nomen
1016 2672 1110 2712 tanturn
1122 2665 1216 2713 virtutis

117 2743 232 2792 usurpas:
251 2729 316 2786 Quid
329 2731 381 2791 ipsa
398 2730 485 2782 valeat,
496 2728 620 2790 ignoras.8
637 2729 728 2776 Verum
745 2729 866 2776 interdurn
878 2729 991 2777 adsciscit
1007 2733 1084 2779 modo.
1104 2731 1156 2778 Cic.
1168 2730 1183 2777 1.
1194 2734 1217 2777 2.

119 2797 148 2844 de
160 2796 220 2843 Ναί.
231 2795 305 2844 Deor.
317 2798 387 2842 c-32.
403 2795 506 2841 Arbores
515 2796 727 2855 tantummodoper
735 2795 819 2856 stirpes
830 2794 924 2841 aluntur
935 2809 998 2842 snas.
1014 2795 1052 2843 14.
1063 2797 1093 2843 de
1108 2796 1153 2844 Or.
1166 2796 1181 2841 l.
1192 2799 1214 2842 3.

118 2863 192 2908 cll.
223 2859 311 2922 Neque
328 2859 392 2906 enirn
411 2866 525 2906 oratorem
544 2858 706 2904 tantummodo
721 2859 764 2905 sed
783 2859 905 2905 hominem
923 2874 972 2905 non
990 2865 1085 2921 putant.
1119 2859 1159 2908 14.
1172 2875 1214 2923 pre

118 2923 180 2973 Sati
191 2939 213 2970 c.
225 2927 264 2972 10.
281 2923 415 2985 Torquatus
426 2937 455 2970 ea
465 2924 543 2969 omnia
555 2938 679 2986 suppressa
695 2938 751 2969 voce
769 2924 799 2970 de
811 2923 900 2971 scelere
917 2922 1014 2971 lentuli
1031 2923 1095 2970 dixit
1110 2924 1214 2972 tantum-

118 2989 196 3043 modo,
215 2995 242 3035 ut
258 3003 308 3045 vos,
324 2988 366 3052 qni
385 3003 414 3035 ea
423 2987 564 3050 probaretis,
579 2987 684 3050 possetis
699 2987 824 3036 exaudire.
855 2986 934 3036 ‘Add
946 2989 985 3038 14.
997 2989 1014 3037 1.
1025 2993 1050 3038 2.
1061 2989 1133 3038 Fam.
1144 3004 1181 3051 ep.
1191 2992 1215 3038 ⁹.

315 3141 317 3145 y
354 3084 369 3115 ⁴*
380 3088 421 3134 35.
440 3085 608 3134 Tantummodo
619 3098 648 3132 ue
658 3099 701 3146 pro
712 3087 767 3133 dam
778 3100 816 3142 ne,
832 3099 908 3132 rarum
919 3093 964 3132 est.

151 3168 201 3218 cic.
214 3168 230 3215 l.
241 3171 266 3216 9.
274 3165 330 3215 Ate.
341 3180 377 3229 ep.
389 3170 428 3213 12.
446 3163 619 3212 Tantummodo
632 3164 722 3213 Cneius
733 3177 813 3213 noster
825 3182 863 3222 ne,
876 3172 904 3213 ut
914 3167 996 3213 urbem
1008 3164 1145 3227 ιἰλογίστιιι
1159 3164 1214 3214 reli·

116 3232 200 3299 querit,
212 3231 247 3280 sic
258 3231 350 3278 ltaliam
360 3230 487 3294 relinquat.

289 3329 304 3358 ⁴
320 3332 361 3376 36.
380 3329 702 3391 Tantummodo-preterea.
720 3330 1039 3378 Tantummodo-aemam.

150 3411 249 3460 Sueten.
267 3409 319 3458 Tit.
336 3425 358 3455 c.
369 3413 392 3456 2.
409 3408 490 3456 Unum
504 3409 550 3455 hoc
564 3409 734 3466 tantummodo,
751 3425 827 3471 neque
838 3417 953 3470 praeterea
968 3408 1096 3472 quicquam
1107 3417 1214 3458 notatum

117 3483 163 3524 est,
196 3477 296 3525 Sallust.
307 3476 367 3534 dag.
382 3489 403 3520 c.
415 3478 454 3522 14.
472 3472 551 3536 Regni
570 3472 690 3520 Numidiae
712 3473 876 3520 tautummodo
894 3473 1087 3537 procurationem
1106 3476 1213 3524 cristiano

116 3544 194 3589 menni
204 3558 209 3586 :
226 3539 352 3603 Generum¹
362 3536 405 3601 jus
423 3549 449 3585 et
463 3537 590 3601 imperium
606 3537 659 3600 ejus
677 3554 752 3602 penes
768 3554 811 3586 eos
832 3545 877 3586 est.
895 3538 1017 3586 interdurn
1037 3540 1148 3603 sequitur
1167 3541 1213 3589 sed.

116 3604 355 3665 viduitatem.
366 3618 387 3650 c.
401 3607 439 3656 16.

212 3701 228 3732 “
239 3704 279 3750 37.
296 3701 352 3750 Non
364 3701 596 3749 tantummodo—sed
607 3715 661 3755 aaa,
673 3715 716 3763 pro
727 3715 772 3749 aon
783 3701 850 3749 niodo
864 3715 912 3748 mu
922 3702 964 3749 sed
974 3715 1003 3750 ue
1014 3701 1119 3763 quidem.

150 3785 203 3834 Cic.
215 3782 231 3832 1.
242 3787 266 3831 3.
277 3783 306 3830 de
320 3782 391 3829 Oroi.
401 3796 424 3829 c.
437 3784 477 3828 14.
493 3780 646 3849 Nequqem
657 3789 775 3828 oratorem
795 3781 967 3838 tantummodo,
979 3781 1023 3830 sed
1034 3776 1157 3830 bominem
1167 3796 1214 3831 noa

114 3856 209 3914 putant.

135 4055 161 4087 ·⁶
178 4055 280 4103 emtam
300 4053 366 4102 aneu
381 4059 417 4108 ut,
431 4068 486 4102 cunr
506 4057 534 4102 ut
549 4053 634 4101 itidem
654 4052 835 4101 usitatissimum
853 4063 899 4104 est.
915 4054 973 4104 Vid.
993 4055 1047 4104 Cic.
1063 4055 1079 4102 Ι.
1091 4058 1131 4103 11.
1146 4055 1213 4104 Fam.

116 4137 152 4186 ep.
161 4123 201 4169 10.
211 4124 237 4164 et
247 4119 275 4165 de
285 4118 355 4165 Orat.
364 4117 381 4163 1.
392 4121 432 4164 29.
444 4127 505 4165 extr.
516 4117 569 4165 Nec
580 4118 674 4179 reliqua
681 4117 847 4183 infrequentia,
858 4135 911 4183 quae
922 4118 999 4168 Autor
1010 4119 1049 4167 hic
1059 4120 1181 4182 proponit.

145 4189 157 4224 ⁷
171 4181 274 4262 Sepeia
287 4181 471 4246 exceptionibus
481 4189 508 4231 et
516 4197 626 4232 sermone
635 4183 735 4245 abrupto
745 4192 882 4247 usurpetur.
898 4186 953 4235 Cic.
965 4185 982 4234 1.
995 4188 1035 4234 12.
1047 4184 1119 4235 Fam.
1130 4200 1166 4250 ep.
1175 4188 1213 4236 22.

107 4250 362 4388 ‘iriiipiiiin
371 4314 481 4366 inania.
