2670 4636
179 261 236 323 ree
477 257 648 335 nonmn
678 256 920 319 consanum
1051 217 1088 319 ’.
1167 260 1272 340 [ιη.

589 405 602 431 ⁰
611 412 636 456 ⁶.
644 405 705 457 Inde
714 406 851 469 repensam.

210 489 309 539 mnan
320 487 399 538 muer.
409 501 432 535 c.
442 491 467 536 9.
485 486 596 535 Tiberius
614 485 699 535 exhinc
717 484 862 542 Rhoecum,
878 482 1079 550 Vindelicumque
1096 484 1195 546 bellum,
1213 486 1273 536 inde

178 553 350 609 Pannonicum,
358 551 413 600 inde
425 551 592 601 Germanicum
603 551 686 614 gessit.

480 665 495 696 ¹
506 669 531 715 6.
547 664 704 715 indemnitate
714 678 964 729 proeconececre.

162 764 167 771 ’
213 746 547 810 Cic.proRosc.Arn.c.2i.
562 745 1096 808 Erarnritieerumpntaudacianeceeeeest.
1121 745 1276 796 Indeomuia

175 813 311 942 3131·AE
311 812 430 928 ffgfim
440 810 576 875 gignuntur.
595 812 671 861 Tacit.
680 812 698 859 l.
708 815 733 860 8.
743 810 808 861 Anu.
815 816 847 912 ¹c.'
854 815 895 860 55.
904 812 918 875 §
928 815 954 860 4.
973 811 1076 868 antn.
1087 812 1106 921 1ἶ
1114 816 1139 860 5.
1149 828 1173 860 c.
1183 816 1210 862 7.
1219 813 1274 863 cn.

456 1015 464 1030 .
495 972 511 1003 ⁶
526 977 550 1024 ⁷.
561 974 623 1023 Inde
633 973 664 1021 de
675 973 786 1036 gradibus
795 973 946 1036 praeemntiae.

211 1053 291 1166 Ρὶἱνῒι..δ
299 1053 335 1104 Η.
346 1054 381 1103 Ν.
392 1053 410 1103 1.
420 1057 460 1104 19.
471 1069 493 1103 c.
503 1058 527 1103 5.
547 1052 633 1102 Palma
642 1051 728 1101 Romae
745 1052 902 1102 Amiterninis
911 1053 987 1110 detur,
1002 1052 1060 1102 inde
1071 1053 1191 1111 Nursinis.
1202 1055 1278 1103 tertis

177 1129 275 1167 nostrai
292 1135 329 1167 us.
831 1132 835 1139 ·

594 1219 617 1264 8.
628 1216 689 1265 Inde
700 1230 743 1280 pro
756 1216 848 1267 deinde.

211 1311 281 1376 Snpe
291 1312 346 1363 inde
355 1312 453 1377 ponitur
459 1327 505 1426 pro
515 1293 607 1363 deinde.
620 1313 675 1363 Lio.
686 1314 737 1362 1.1.
748 1329 770 1361 c.
779 1317 803 1362 3.
824 1313 933 1377 Agrippa
942 1312 998 1361 inde
1007 1311 1112 1361 Tiberini
1119 1303 1201 1361 filiun:
1217 1323 1277 1377 post

179 1374 310 1440 Agrippam
327 1376 443 1426 Romulus
476 1378 547 1426 ilviue
564 1393 580 1425 n
597 1387 664 1440 perte
681 1387 780 1441 accepto
797 1377 898 1442 imperio
914 1385 1007 1440 regnat·
1042 1379 1093 1427 Cic.
1105 1379 1182 1427 Brut·
1196 1394 1220 1429 c.
1230 1383 1274 1429 90.

178 1440 255 1490 naua
263 1457 337 1490 causa
344 1449 404 1499 erat,
412 1456 464 1505 quae
474 1458 522 1490 non
530 1450 610 1490 nostro
619 1442 690 1504 digna
698 1443 829 1505 patrocinio
838 1442 967 1491 videretur.
983 1442 1106 1505 Deinceps
1115 1442 1274 1500 indemniter,

246 1521 296 1554 non
305 1507 383 1555 minue
392 1507 519 1570 diiigenter
528 1507 659 1555 elaboratas
669 1507 833 1555 afferebamus.
842 1507 906 1569 oster
916 1508 965 1558 iiis
974 1522 1044 1572 many
1055 1508 1143 1557 orm.
1176 1508 1218 1558 Iu.
1226 1522 1274 1572 pro

178 1520 247 1621 iiam·
264 1569 330 1628 Quid
340 1580 391 1620 tum
400 1572 472 1621 inde?
490 1571 505 1601 ⁴*
518 1573 599 1622 Coesor
608 1572 627 1620 l.
638 1577 663 1621 9.
674 1573 708 1622 Β.
721 1574 750 1621 C.
761 1589 783 1621 c.
794 1577 819 1621 9.

625 1668 641 1698 ·
653 1673 678 1717 9.
691 1668 758 1725 Inde,
769 1683 829 1717 caera

177 1748 312 1862 thgodcpt.
329 1750 489 1878 gangem.
512 1749 583 1814 Inde,
601 1766 655 1798 cum
675 1756 732 1812 post
756 1728 952 1797 exercitationem
971 1763 1056 1797 ornnes
1073 1746 1275 1813 degoen-imeae

235 1830 276 1870 ,sc
292 1829 322 1863 en
366 1851 373 1872 ‚
403 1832 425 1865 c.

537 1913 577 1958 10.
593 1909 694 1959 Indead
705 1909 921 1973 cempusrelatum.
1007 1881 1012 1893 ι

211 2004 265 2055 Nec
280 2007 312 2054 ed
326 2007 405 2055 locum
414 2007 497 2062 solum,
508 2006 552 2054 sed
567 2005 680 2054 etiamad
692 2007 902 2070 tempnerefertur.
937 2006 988 2055 Cic.
999 2008 1029 2056 de
1037 2020 1104 2070 pron.
1116 2008 1189 2058 cm.
1197 2025 1222 2060 c.
1236 2014 1275 2059 10.

178 2070 235 2121 Jcm
244 2071 300 2119 inde
311 2087 324 2119 s
334 2072 450 2135 principio
459 2071 527 2135 hujus
536 2071 640 2135 imperii.
643 2072 712 2131 frum
722 2073 762 2121 dise
772 2086 829 2135 very
840 2071 971 2132 beginning
979 2072 1011 2130 ef,
1021 2075 1062 2134 dc.
1084 2072 1124 2120 ld.
1135 2072 1153 2118 l·
1162 2078 1186 2123 2.
1196 2077 1228 2124 de
1237 2076 1275 2125 N.

176 2136 254 2185 neor.
264 2152 285 2183 c.
295 2139 337 2186 48.
348 2137 379 2184 In
389 2151 436 2199 quo
446 2136 607 2184 admirandum
623 2143 670 2200 eet,
681 2151 839 2199 congressune
849 2135 929 2199 aliquo
940 2137 1048 2192 intereo,
1060 2151 1092 2185 an
1101 2135 1154 2200 jum
1168 2138 1229 2187 inde
1245 2140 1277 2189 eb

178 2206 233 2247 ortu
248 2207 337 2248 naturae
353 2201 410 2264 ipsae
428 2208 576 2264 congregatae
587 2201 643 2249 siut.
672 2201 712 2249 Id.
722 2216 766 2263 pro
776 2200 851 2250 Arois.
862 2216 884 2249 c.
894 2206 918 2250 1.
942 2201 1029 2258 Quoad
1045 2200 1183 2265 longissime
1193 2210 1277 2267 potest

177 2278 247 2312 mene
262 2279 317 2312 men
325 2265 445 2327 respicere
461 2267 562 2328 epatium
580 2265 691 2329 preteriti
702 2265 823 2328 temporis,
841 2266 898 2313 inde
909 2281 984 2328 oeque
994 2262 1106 2329 repeteris
1122 2266 1188 2315 hunc
1202 2268 1276 2317 video

178 2326 239 2382 mihi
246 2328 380 2392 principem
389 2328 420 2377 ad
430 2329 606 2394 suscipiendam
616 2329 733 2378 rationem
743 2331 826 2378 horum
838 2330 977 2379 studiorum.
996 2331 1010 2362 '
1022 2333 1106 2381 Pau.
1117 2332 1189 2395 Cupi·
1200 2337 1228 2384 8.
1239 2339 1266 2383 Δ.

451 2440 506 2506 (11.
518 2440 579 2491 Inde
587 2441 618 2490 de
629 2442 746 2505 personis,
756 2458 798 2506 pro
808 2459 823 2493 c
833 2458 925 2505 cunm
934 2442 1002 2507 qno.)

209 2520 340 2586 Eleganter
346 2521 418 2577 dade,
428 2528 456 2570 ut
465 2529 545 2571 cetera
554 2523 668 2571 sdverbie
677 2522 732 2577 loci,
745 2524 808 2578 nine,
819 2525 862 2579 ibi,
873 2526 936 2574 unde
946 2531 993 2573 etc.
1006 2524 1038 2571 de
1056 2523 1166 2586 perennis
1175 2524 1275 2582 dicitur,

178 2601 223 2650 pro
239 2603 256 2637 o
272 2603 324 2652 qno,
337 2602 369 2636 ec
385 2603 438 2649 queo.
458 2587 513 2637 Ter·
529 2588 631 2652 Adelph.
642 2593 667 2637 1.
677 2593 701 2638 1.
716 2587 776 2636 Nati
795 2588 838 2636 filii
857 2589 922 2636 duo:
940 2588 998 2637 inde
1015 2603 1061 2653 ego
1078 2589 1142 2637 hanc
1156 2589 1276 2654 majorem

124 2648 130 2667 ³
177 2652 291 2716 adoptivi
301 2651 365 2702 mini.
376 2658 449 2715 atque
459 2651 567 2701 similiter
575 2652 657 2701 multis
668 2653 722 2701 aliie
731 2653 800 2702 locis.

470 2767 483 2830 §
494 2766 529 2818 11.
542 2770 566 2815 1.
576 2766 687 2821 Indidem
695 2781 737 2829 pro
749 2781 780 2814 ec
790 2768 869 2815 eodem
878 2767 934 2815 ioco.

212 2847 321 2897 Indidem
329 2853 366 2895 est
376 2863 406 2896 ex
415 2849 494 2897 eodem
504 2849 561 2897 loen
583 2847 636 2896 Cic.
640 2862 683 2912 pro
692 2847 764 2895 Rosc.
771 2846 826 2894 Am.
837 2850 905 2895 eni.
914 2845 939 2894 Si
946 2845 1060 2894 Roscium
1066 2861 1109 2908 per
1116 2847 1178 2895 aiios
1185 2847 1274 2898 iecisse

179 2909 247 2967 dicio,
259 2926 338 2975 quarto
354 2927 472 2968 servosne,
483 2927 515 2960 an
525 2911 628 2960 liberos?
646 2927 705 2974 quoe
714 2911 837 2958 homines?
848 2911 985 2959 indidemne
996 2910 1104 2968 Ameria,
1115 2925 1145 2958 an
1156 2914 1231 2962 hoece
1243 2929 1276 2962 ex

177 2976 236 3024 urbe
247 2976 422 3036 domnofronte
432 2977 483 3025 tuos
495 2979 639 3040 complace,
650 2976 704 3025 thoi
717 2976 810 3033 iesrom
818 2975 926 3038 Ariseria,
935 2990 971 3032 or,
982 2973 1041 3037 dn?
1058 2977 1097 3024 Id.
1108 2976 1125 3025 l.
1139 2979 1163 3028 1.
1170 2980 1199 3028 de
1211 2979 1274 3033 Dio.

178 3038 398 3155 puggdemleedem
408 3041 582 3104 qun-oriuntur
597 3043 629 3089 de
644 3041 746 3104 integro,
764 3047 836 3103 atque
852 3041 938 3089 eodem
957 3040 1077 3089 occidunt.
1109 3040 1125 3070 *
1134 3040 1202 3090 Anu.
1216 3044 1324 3155 niv.

189 3136 197 3152 0
242 3120 282 3153 lc·
308 3138 316 3152 0
741 3148 744 3155 .

524 3218 539 3248 “
551 3221 576 3268 0.
589 3218 699 3268 Indidem
709 3233 751 3281 pro
760 3234 791 3268 ec
802 3220 882 3268 eodem
892 3234 927 3269 re.

196 3295 266 3347 dio.
277 3295 295 3348 l.
305 3301 346 3346 39.
356 3312 378 3345 c.
389 3300 413 3344 Β.
424 3295 488 3346 Fului
501 3305 585 3356 tentes,
603 3299 666 3348 falsa
680 3298 770 3347 indicia
787 3312 819 3346 ex
834 3299 917 3347 endem
933 3298 1027 3348 officina
1043 3298 1148 3347 exibant.
1173 3298 1276 3350 Venena

178 3359 294 3420 indidem,
305 3360 470 3425 intestinaeque
480 3364 566 3412 cedes.

585 3475 600 3506 '
610 3480 634 3526 ³·
648 3475 861 3527 Unde-indidem·

211 3558 264 3607 Cic.
275 3555 293 3604 1.
304 3559 327 3605 3.
337 3556 366 3606 de
379 3556 450 3607 Orci.
460 3560 531 3606 cdd·
542 3555 613 3606 Unde
624 3556 701 3605 simile
717 3556 773 3606 duci
788 3564 875 3623 potest,
885 3554 990 3604 indidem
998 3557 1096 3604 verbum
1111 3572 1195 3617 unum,
1208 3559 1277 3624 quod

178 3621 356 3672 similitudinem
367 3622 483 3680 continet,
493 3620 635 3693 translatum
644 3623 728 3671 iumen
738 3623 808 3671 affert
818 3622 929 3671 orationi.
1171 3632 1180 3640 ·

612 3803 726 3854 CAPUT
755 3801 838 3853 cxss.

527 3902 576 3962 De
589 3899 738 3960 Aduerbio
753 3902 914 3959 Iunrenn.

211 4010 344 4070 iunicum
365 4012 511 4077 sinmesuliy,
533 4011 724 4077 ignominioueiy,
744 4013 822 4061 sonere
843 4012 918 4061 dener
935 4014 1062 4060 treatment
1079 4024 1131 4057 'socc
1151 4012 1278 4065 deomed-

181 4075 232 4131 Cic.
241 4091 284 4137 pro
296 4076 390 4125 cluent.
400 4093 422 4125 c.
433 4082 472 4127 14.
491 4077 585 4126 Acerbe
594 4076 738 4140 indigneque
748 4085 884 4126 moreretur.

211 4139 278 4204 (Hoc
295 4140 425 4201 capitulum
439 4142 525 4190 vellem
542 4142 654 4190 omissum
670 4157 731 4197 esse,
748 4141 778 4189 iis
789 4143 819 4190 de
836 4142 922 4198 causis,
933 4157 985 4204 quae
1003 4141 1029 4188 id
1049 4138 1192 4204 prefatione
1208 4153 1279 4194 c'om·

167 4212 309 4254 memorerm
318 4212 382 4256 stunt.
417 4204 504 4272 Itaque
517 4223 561 4258 nec
572 4207 658 4257 addere
669 4206 710 4255 hic
719 4206 809 4272 ehqmd
817 4207 897 4264 hbuit,
907 4221 962 4255 cum
972 4207 1041 4255 facile
1052 4207 1202 4273 possemus.)
