2670 4636
164 263 225 322 220
492 263 664 323 HORll'l'll
693 263 936 324 TURSELLlNl
1188 270 1267 348 [nnc

170 412 210 458 16.
226 408 280 458 Nec
300 407 512 473 enimillaprlma
528 409 775 459 enuntiaverant.
807 411 1061 462 *1116611166
1077 411 1268 463 atstdss.

168 488 191 519 c.
203 477 227 521 1.
236 481 261 522 et
271 475 289 520 l.
301 479 324 524 3.
343 475 412 524 Fam.
422 489 457 548 ep.
471 478 493 522 l.
503 486 528 522 et
535 478 564 525 de
574 475 653 525 Amic.
663 492 685 524 c.
696 479 736 524 13.
753 475 838 538 Neque
849 477 914 525 enim
925 485 981 524 sunt
986 477 1028 527 isti
1038 476 1160 533 audiendi,
1171 477 1215 542 qui
1225 481 1270 526 cst.

169 535 286 602 Exempla
297 540 365 603 plura
374 539 452 587 ubivis
460 539 540 588 obvia.

589 619 604 648 ¹
615 623 657 668 21.
675 621 759 682 Neque
769 619 850 669 atissa

180 707 183 713 '
207 699 286 750 Varro
296 699 312 748 l.
322 704 348 750 3.
360 700 394 748 R.
404 700 437 748 R.
448 715 471 748 c.
480 703 519 748 16.
535 698 627 762 Apiurn
636 699 704 748 nulla
721 700 812 748 assidet
824 699 849 746 in
868 699 921 748 loco
931 715 970 756 eo,
981 701 1024 763 qni
1033 699 1096 748 mala
1106 699 1181 757 oleat,
1190 713 1268 763 neque

171 764 244 813 etiam
253 763 278 811 in
288 779 327 821 eo,
338 764 381 828 qai
391 765 453 812 bona
466 765 516 812 olet
526 770 657 827 unguenta.
689 764 729 813 Id.
740 765 758 813 l.
770 768 793 812 l.
804 765 839 815 11.
850 765 885 814 R.
895 780 918 813 c.
927 769 969 814 65.
988 766 1041 814 Cic.
1050 765 1068 813 l.
1079 771 1105 817 1.
1116 764 1221 829 Amep.
1231 769 1256 814 1.

504 877 569 927 ’26
588 878 746 928 Nectum:
763 883 933 942 nequeam

207 959 287 1010 ctal.
299 960 363 1007 3.(1ε
376 957 429 1021 Off.
439 974 462 1007 c.
472 962 512 1006 13.
536 958 590 1006 Nec
612 966 691 1006 tamen
709 967 797 1006 nostrae
816 957 885 1006 nobis
905 957 1023 1005 utilitates
1043 956 1191 1004 omittendas-
1203 918 1276 1015 suat:

170 1024 271 1086 aliisque
282 1022 411 1069 tradenda.
443 1023 483 1072 Id.
493 1023 509 1069 l.
520 1027 543 1070 3.
556 1023 590 1070 Ν.
598 1023 632 1070 D.
643 1038 664 1068 c.
674 1025 714 1070 33.
730 1023 763 1069 Et
769 1023 895 1087 praedones
903 1022 973 1068 multi
983 1036 1046 1085 saepe
1057 1037 1140 1084 poenas
1148 1021 1216 1077 dant,
1226 1037 1270 1070 nec

170 1097 252 1136 tamen
260 1101 387 1149 possumus
394 1086 482 1162 dicere,
488 1100 538 1134 non
546 1085 626 1146 plures
632 1085 741 1149 captivos
748 1087 840 1141 acerbe,
846 1100 919 1149 quam
925 1085 1049 1149 predones
1055 1092 1162 1161 necatos.
1180 1088 1271 1135 coln.

171 1149 1272 1292 idrtf·.ttdt.iltdttu¹i‚littttttdtttfftiffi

170 1294 264 1396 rgndqqq:
273 1278 613 1393 ἓζιὲἱιιιὲιξὲἀῗηέῗῶῗῖιῗ
624 1294 665 1350 qur
674 1284 768 1326 tantum
777 1279 908 1327 trbronerrs
914 1293 1043 1341 imponam.
1068 1277 1191 1328 Adara.
1202 1291 1240 1342 ep.
1249 1282 1272 1326 l.

544 1450 585 1498 26.
603 1447 654 1498 Nec
663 1463 734 1498 vero:
753 1463 901 1510 nequeam.

208 1533 262 1581 Nec
276 1543 332 1579 cero
341 1535 367 1576 et
383 1541 458 1590 aeque
473 1525 655 1576 verointerdunr
672 1528 764 1592 gravius
774 1535 854 1592 negat.
871 1529 886 1558 ⁸
900 1528 951 1576 Cic.
962 1530 980 1577 l.
991 1533 1015 1577 5.
1026 1525 1083 1576 Art.
1093 1540 1129 1588 ep.
1141 1528 1165 1574 3.
1181 1523 1273 1574 Eodem

172 1597 213 1645 dis
224 1593 355 1644 Philotimo
372 1591 485 1639 dederam
502 1589 534 1639 ad
544 1598 569 1639 te
588 1591 678 1649 literas,
695 1608 741 1640 nec
753 1608 809 1640 vero
826 1607 891 1640 nnnc
905 1599 958 1640 erat
973 1607 1040 1647 sane,
1060 1590 1126 1654 quod
1137 1590 1274 1638 scriberem.

173 1664 191 1711 l.
202 1666 226 1710 7.
238 1675 274 1722 ep.
285 1661 325 1706 13.
340 1655 395 1704 Nec
404 1670 462 1703 vero
469 1671 542 1713 nunc,
552 1656 610 1718 quid
621 1657 719 1718 cogitet,
729 1657 788 1704 scio.
821 1657 860 1704 Id.
872 1656 888 1706 Ι.
898 1658 958 1706 l.de
972 1655 1024 1719 Off.
1035 1670 1057 1704 c.
1070 1660 1093 1704 3.
1102 1662 1127 1702 et
1139 1661 1151 1704 1
1166 1655 1274 1716 Philipp.

174 1742 197 1775 c.
209 1730 233 1775 4.
250 1723 337 1786 Neque
350 1735 405 1768 vero
415 1720 484 1767 illum
499 1720 619 1780 similiter,
628 1727 699 1783 atque
710 1720 764 1782 ipse
778 1735 852 1783 eram,
862 1728 1008 1768 commotum
1017 1733 1071 1766 essa
1084 1718 1144 1766 vidi.
1162 1717 1276 1767 isdrael

170 1789 264 1852 plainly
272 1785 402 1850 perceiocd,
413 1785 502 1834 tlsotlae
512 1789 614 1832 wasaot
623 1799 649 1832 so
660 1785 728 1833 macl
737 1785 819 1845 afraid
827 1799 855 1833 oa
864 1785 880 1832 1
890 1799 946 1834 was.
974 1785 1014 1832 Id.
1029 1785 1100 1832 Orat.
1112 1798 1133 1831 c.
1144 1789 1169 1833 8.
1185 1781 1273 1845 Neque

174 1867 230 1901 aero
240 1850 300 1898 mitri
310 1849 436 1912 quicquam
454 1848 613 1912 prestabilius
631 1848 735 1911 videtur,
755 1863 825 1911 qnam
843 1863 912 1911 posse
928 1848 1031 1897 dicendo
1049 1855 1131 1896 terma
1148 1846 1274 1895 homiuum

176 1923 260 1966 catus.
288 1912 379 1962 'Ado
390 1912 440 1963 12.
451 1913 522 1962 Fam.
533 1928 569 1975 ep.
580 1916 604 1960 6.
615 1914 680 1961 etde
692 1914 763 1962 Orat.
773 1914 790 1961 l.
802 1920 859 1961 etc.
870 1919 893 1962 l.

420 2027 460 2074 27.
479 2026 532 2074 Nec
541 2039 612 2075 cero:
628 2039 704 2088 aeque
717 2040 773 2074 vero
783 2023 936 2088 occupationi
950 2024 1032 2072 servit.

209 2110 279 2172 Sapo
296 2105 404 2155 serviunt
420 2105 579 2168 occupationi.
616 2107 668 2156 Cic.
685 2105 780 2155 aptit.
790 2121 812 2153 c.
823 2110 847 2154 3.
864 2106 918 2153 Nec
933 2120 990 2152 vero
1005 2104 1051 2154 tibi
1067 2105 1099 2153 da
1114 2104 1221 2153 versum
1237 2119 1276 2152 re·

176 2171 306 2238 spondebo.
338 2171 353 2199 ⁸
363 2170 402 2218 ld.
413 2169 488 2218 ant.
498 2185 534 2232 ep.
545 2174 584 2219 12.
595 2169 612 2216 1.
624 2172 686 2218 mdc
697 2171 767 2217 Orat.
775 2186 797 2217 c.
808 2173 832 2218 3.
845 2170 884 2218 Id.
896 2169 954 2218 ibid.
962 2169 980 2216 l.
994 2173 1017 2218 l.
1029 2172 1051 2220 1.
1062 2175 1103 2221 51.
1117 2169 1205 2233 Neque
1216 2183 1277 2216 varo

176 2238 229 2286 istis
237 2235 359 2298 tragmdiis
365 2234 419 2288 tuis,
427 2234 513 2297 quibus
522 2233 559 2281 uti
568 2233 708 2296 philosophi
714 2235 818 2281 maxima
826 2234 915 2288 solent,
926 2233 1020 2290 Crasse,
1029 2233 1161 2298 perturbor.
1194 2234 1234 2282 ld.
1244 2234 1277 2284 il.

178 2318 200 2350 c.
209 2305 249 2351 63.
265 2300 352 2362 Neque
370 2312 426 2346 vero
437 2299 481 2346 hoc
496 2298 573 2345 solum
592 2296 659 2353 dixit,
676 2299 720 2345 sed
730 2298 782 2361 ipse
798 2305 822 2344 et
834 2298 910 2345 sensit
919 2303 945 2344 et
954 2297 1022 2348 iecit.
1054 2297 1121 2346 Add.
1134 2312 1178 2362 pro
1188 2297 1269 2347 Miles

178 2383 200 2415 c.
211 2370 236 2415 8.
1259 2391 1261 2397 .

518 2439 533 2470 ¹⁹
544 2444 584 2489 28.
602 2441 936 2504 Neccero-—nequs—neqae.

214 2521 408 2586 CiciPlrilipp.
420 2538 442 2572 c.
453 2525 477 2570 8.
494 2520 547 2568 Nec
560 2536 616 2570 vero
627 2527 651 2570 te
672 2536 776 2584 unquam
794 2536 873 2585 neque
893 2521 1032 2586 vigilantem
1049 2511 1128 2586 neque
1145 2522 1173 2570 in
1188 2521 1277 2572 somnis

179 2591 250 2641 credo
260 2597 341 2637 mente
353 2601 423 2650 posse
434 2585 571 2634 consistere.

304 2688 311 2706 ⁸
400 2696 412 2721 ”
422 2703 463 2748 23.
481 2700 565 2761 Neque
575 2705 667 2749 cutem:
685 2705 825 2756 necantem,
836 2698 913 2748 rarius
926 2699 1045 2750 Ciceroni.

216 2782 268 2831 Cic.
278 2780 296 2827 l.
307 2784 332 2828 5.
342 2778 411 2826 Fam.
424 2793 459 2840 ep.
472 2781 510 2828 12.
525 2777 613 2842 Neque
631 2786 709 2826 autern
721 2794 766 2841 ego
785 2795 838 2827 sum
854 2780 887 2826 ita
899 2779 1006 2834 demens,
1024 2787 1051 2826 ut
1068 2794 1108 2827 me
1125 2779 1278 2842 sempiterne

181 2847 261 2911 gloria
277 2860 319 2907 per
339 2858 395 2890 eum
411 2843 572 2890 commendari
591 2843 672 2899 velim,
685 2844 727 2906 qui
742 2858 792 2890 non
808 2844 859 2906 ipse
880 2857 975 2906 quoquc
992 2845 1018 2890 in
1033 2860 1072 2892 me
1090 2843 1279 2893 commendando

181 2910 301 2976 propriam
310 2906 401 2968 ingenii
410 2908 510 2969 gloriam
520 2914 686 2970 consequatur.
721 2909 784 2956 Cels.
795 2909 812 2955 l.
824 2911 848 2956 2.
858 2925 880 2956 c.
892 2912 932 2957 17.
950 2907 1037 2970 Neque
1051 2915 1137 2956 terrere
1153 2915 1237 2957 autern
1250 2923 1280 2957 ea

181 2992 230 3031 res,
244 2974 264 3021 si
279 2971 422 3034 tempestiva
437 2978 483 3027 est,
499 2972 580 3021 debet.
613 2973 652 3021 ld.
670 2974 687 3019 1.
706 2977 731 3022 7.
741 2987 764 3020 c.
775 2977 799 3021 9.
810 2980 836 3019 et
855 2973 873 3020 l.
884 2977 908 3020 3.
922 2988 944 3019 c.
962 2976 1004 3020 23.
1021 2973 1126 3029 Quintil·
1141 2972 1160 3019 l.
1175 2978 1200 3023 4.
1216 2989 1241 3020 c.
1255 2977 1279 3021 1.

183 3039 236 3088 Nec
247 3035 390 3098 argumentis
406 3043 495 3098 antem,
515 3051 559 3084 nec
577 3036 645 3093 locis,
661 3051 706 3084 nec
717 3036 846 3085 narrafioni
865 3036 951 3084 similis
964 3051 1017 3084 esse
1033 3038 1060 3085 in
1077 3036 1281 3099 prooemiodabet

181 3102 262 3152 oratio.

498 3196 513 3224 ⁹
524 3199 565 3244 33.
583 3196 636 3245 Nec
646 3197 733 3252 minus,
743 3212 785 3260 pro
796 3200 830 3261 et,
840 3197 880 3244 val
891 3198 955 3248 item.

218 3276 309 3324 Colum.
321 3274 338 3321 l.
349 3280 375 3321 at
385 3287 406 3320 c.
415 3278 438 3325 3.
455 3273 491 3321 Ea
501 3290 547 3329 res,
563 3275 584 3322 si
599 3275 686 3324 omissa
699 3276 738 3332 sit,
755 3276 869 3338 plurimas
883 3293 974 3340 operas,
990 3292 1034 3325 nec
1051 3275 1129 3324 minus
1142 3290 1226 3328 arcam
1236 3293 1280 3344 pa·

182 3338 335 3394 triaiamilias,
358 3352 452 3399 semper
468 3337 585 3387 exhaurit.
618 3339 681 3388 1111.
692 3356 714 3386 c.
725 3344 749 3388 7.
765 3341 935 3402 Proposulmus
957 3341 1042 3389 docere
1061 3341 1144 3390 vineas
1161 3343 1280 3408 ejusmodi

183 3418 317 3459 conserere,
328 3416 381 3464 qna
390 3417 436 3449 nec
448 3401 523 3449 minus
538 3404 622 3450 uberes
631 3403 723 3451 fructus
738 3404 857 3466 predictis
871 3406 997 3467 generibus
1007 3405 1117 3462 afferant,
1127 3413 1153 3453 st
1166 3409 1217 3455 sint
1227 3423 1280 3470 pre·

181 3469 237 3518 tiosi
249 3467 348 3531 saporis.
373 3467 412 3514 ld.
421 3467 438 3513 l.
450 3470 474 3515 4.
485 3483 507 3514 c.
520 3471 544 3514 6.
555 3473 580 3514 et
592 3467 607 3514 l.
618 3471 643 3516 7.
654 3484 676 3517 c.
688 3473 713 3517 6.
729 3469 765 3516 Ea
774 3477 830 3516 suut
840 3473 944 3527 arbutus,
957 3477 1027 3533 atque
1039 3471 1168 3528 alaternus,
1176 3472 1280 3536 cytisus·

183 3550 231 3599 qus
241 3532 350 3596 agrestis,
366 3546 412 3578 nec
424 3530 501 3578 minus
510 3530 594 3595 ilignei
606 3534 752 3596 querneique
765 3535 873 3582 frutices.
906 3535 971 3584 Iota.
982 3550 1004 3582 c.
1017 3539 1056 3584 12.
1073 3535 1202 3584 Pecuarius
1214 3537 1282 3584 canis

184 3609 211 3650 et
222 3601 251 3648 ad
266 3597 342 3648 rixam
357 3602 382 3644 et
393 3593 424 3644 ad
434 3610 547 3659 pugnam,
563 3611 609 3644 nec
619 3597 699 3646 minus
710 3599 739 3646 ad
757 3614 854 3647 cursum
863 3606 1022 3662 comparator.⁴
1050 3599 1119 3651 1111.-
1128 3616 1152 3648 o.
1163 3601 1265 3651 uta-bia

485 3710 500 3739 1
511 3713 550 3758 31.
568 3711 620 3760 Nec
630 3711 717 3768 mnus,
728 3727 771 3776 pro
782 3727 848 3775 oeqae
856 3711 973 3761 absolute.

218 3795 297 3856 Nepos
307 3791 382 3842 Dion.
403 3806 424 3838 c.
443 3793 467 3838 6.
484 3789 626 3839 Heraclides
643 3792 720 3839 Dioni
739 3792 897 3856 principatum
918 3807 966 3839 nou
984 3793 1130 3849 concedens,
1148 3793 1282 3842 factionem

184 3856 342 3920 comparavit:
361 3869 438 3917 nequa
459 3855 524 3901 enim
538 3855 618 3902 minus
639 3857 733 3904 valebat
748 3857 814 3918 apud
827 3857 962 3919 optimates.
979 3857 1018 3905 Id.
1036 3858 1105 3905 Mitt.
1117 3874 1140 3906 o.
1155 3861 1180 3906 2.
1192 3858 1281 3922 Neque

184 3923 262 3970 minus
273 3921 340 3967 inea
358 3936 384 3967 re
404 3918 537 3982 prudentia,
556 3934 626 3981 quarn
643 3920 768 3980 felicitate,
777 3920 875 3983 adjutus
893 3927 939 3968 est.
971 3921 1010 3971 ld.
1024 3922 1106 3971 Tlem.
1117 3939 1140 3970 c.
1152 3927 1177 3973 1.
1194 3923 1282 3986 Neque

184 3986 263 4033 minus
277 3985 303 4030 in
318 3984 390 4031 rebus
400 3983 511 4044 gerendis
525 3991 642 4044 promtus,
659 3999 730 4047 quam
747 3984 912 4045 excogitandis
924 3991 984 4032 erat.
1009 3986 1142 4036 1611116.
1153 4003 1175 4035 c.
1188 3993 1213 4038 6.
1232 3989 1283 4036 Ex-

185 4050 350 4114 pugnavsrunt
366 4048 499 4110 complures
517 4047 597 4109 urbes,
613 4046 639 4093 in
654 4048 691 4094 his
709 4048 870 4111 Byzantium:
888 4063 967 4111 neque
982 4048 1058 4098 minus
1074 4051 1163 4100 multas
1181 4053 1285 4101 consilio

184 4114 215 4163 ad
225 4110 352 4159 amicitiam
363 4111 528 4173 adjunxerunt.
560 4110 651 4158 Eodem
661 4119 755 4174 spectat

374 4210 386 4236 '
397 4216 438 4263 32.
456 4215 510 4264 Nec
519 4215 598 4264 minas
608 4222 663 4279 post
676 4215 859 4280 comparativum
870 4224 896 4264 et
910 4217 1091 4280 superlativum.

193 4286 255 4349 aa.
267 4295 293 4346 iu
304 4295 382 4352 Bru&
391 4313 416 4348 c.
428 4301 452 4348 6.
469 4296 575 4348 Acutior
591 4298 641 4357 Qu.
650 4297 742 4363 Varios
751 4299 827 4350 relius
838 4296 999 4352 inveniendis.
1006 4313 1055 4346 nee
1060 4299 1231 4347 mnusrmnis
1243 4317 1282 4348 ar-
