<?xml version="1.0" encoding="UTF-8"?>
<!DOCTYPE html PUBLIC "-//W3C//DTD XHTML 1.0 Transitional//EN"
    "http://www.w3.org/TR/xhtml1/DTD/xhtml1-transitional.dtd">
<html xmlns="http://www.w3.org/1999/xhtml" xml:lang="en" lang="en">
 <head>
  <title>
</title>
<meta http-equiv="Content-Type" content="text/html;charset=utf-8" />
  <meta name='ocr-system' content='tesseract 3.04.00' />
  <meta name='ocr-capabilities' content='ocr_page ocr_carea ocr_par ocr_line ocrx_word'/>
</head>
<body>
  <div class='ocr_page' id='page_1' title='image "./horatiiturselli00schwgoog/horatiiturselli00schwgoog_0058.png"; bbox 0 0 2670 4636; ppageno 0'>
   <div class='ocr_carea' id='block_1_1' title="bbox 74 205 1173 289">
    <p class='ocr_par' dir='ltr' id='par_1_1' title="bbox 74 205 1173 289">
     <span class='ocr_line' id='line_1_1' title="bbox 74 205 1173 289; baseline -0.001 -18"><span class='ocrx_word' id='word_1_1' title='bbox 74 209 191 289; x_wconf 74' lang='lat' dir='ltr'>serus]</span> <span class='ocrx_word' id='word_1_2' title='bbox 419 206 477 269; x_wconf 79' lang='lat' dir='ltr'>DF.</span> <span class='ocrx_word' id='word_1_3' title='bbox 509 205 751 269; x_wconf 69' lang='lat' dir='ltr'>parmenus</span> <span class='ocrx_word' id='word_1_4' title='bbox 772 216 831 271; x_wconf 72' lang='lat' dir='ltr'>etc.</span> <span class='ocrx_word' id='word_1_5' title='bbox 1135 209 1173 270; x_wconf 86' lang='grc'>61</span> 
     </span>
    </p>
   </div>
   <div class='ocr_carea' id='block_1_2' title="bbox 64 342 1200 916">
    <p class='ocr_par' dir='ltr' id='par_1_2' title="bbox 64 342 1200 823">
     <span class='ocr_line' id='line_1_2' title="bbox 68 342 1175 448; baseline 0.001 -18"><span class='ocrx_word' id='word_1_6' title='bbox 68 342 176 446; x_wconf 63' lang='grc' dir='ltr'>611666.)ἰ</span> <span class='ocrx_word' id='word_1_7' title='bbox 196 344 250 431; x_wconf 47' lang='lat' dir='ltr'>cici</span> <span class='ocrx_word' id='word_1_8' title='bbox 257 378 335 448; x_wconf 64' lang='lat' dir='ltr'>sopit.</span> <span class='ocrx_word' id='word_1_9' title='bbox 344 384 395 432; x_wconf 81' lang='lat' dir='ltr'>c.9·</span> <span class='ocrx_word' id='word_1_10' title='bbox 405 379 486 432; x_wconf 85' lang='lat' dir='ltr'>Dolus</span> <span class='ocrx_word' id='word_1_11' title='bbox 496 382 574 432; x_wconf 79' lang='lat' dir='ltr'>melus</span> <span class='ocrx_word' id='word_1_12' title='bbox 583 388 630 440; x_wconf 88' lang='lat' dir='ltr'>est,</span> <span class='ocrx_word' id='word_1_13' title='bbox 641 397 697 432; x_wconf 90' lang='lat' dir='ltr'>cum</span> <span class='ocrx_word' id='word_1_14' title='bbox 705 380 772 432; x_wconf 84' lang='lat' dir='ltr'>aliud</span> <span class='ocrx_word' id='word_1_15' title='bbox 782 378 869 446; x_wconf 80' lang='lat' dir='ltr'>agitur,</span> <span class='ocrx_word' id='word_1_16' title='bbox 882 377 948 429; x_wconf 84' lang='lat' dir='ltr'>aliud</span> <span class='ocrx_word' id='word_1_17' title='bbox 957 346 1175 441; x_wconf 65' lang='lat' dir='ltr'>simulstm.sruad</span> 
     </span>
     <span class='ocr_line' id='line_1_3' title="bbox 71 442 1173 511; baseline -0.001 -16"><span class='ocrx_word' id='word_1_18' title='bbox 71 447 100 502; x_wconf 82' lang='lat' dir='ltr'>ir,</span> <span class='ocrx_word' id='word_1_19' title='bbox 111 448 194 496; x_wconf 73' lang='lat' dir='ltr'>where</span> <span class='ocrx_word' id='word_1_20' title='bbox 203 463 250 511; x_wconf 72' lang='lat' dir='ltr'>you</span> <span class='ocrx_word' id='word_1_21' title='bbox 261 442 291 496; x_wconf 81' lang='lat' dir='ltr'>dc</span> <span class='ocrx_word' id='word_1_22' title='bbox 296 463 339 497; x_wconf 85' lang='lat' dir='ltr'>one</span> <span class='ocrx_word' id='word_1_23' title='bbox 346 447 417 510; x_wconf 76' lang='lat' dir='ltr'>tbing</span> <span class='ocrx_word' id='word_1_24' title='bbox 427 449 476 497; x_wconf 83' lang='lat' dir='ltr'>und</span> <span class='ocrx_word' id='word_1_25' title='bbox 478 448 579 510; x_wconf 82' lang='lat' dir='ltr'>pretend</span> <span class='ocrx_word' id='word_1_26' title='bbox 584 453 608 496; x_wconf 89' lang='lat' dir='ltr'>to</span> <span class='ocrx_word' id='word_1_27' title='bbox 613 449 643 496; x_wconf 88' lang='lat' dir='ltr'>do</span> <span class='ocrx_word' id='word_1_28' title='bbox 651 448 758 497; x_wconf 72' lang='lat' dir='ltr'>another.</span> <span class='ocrx_word' id='word_1_29' title='bbox 771 445 970 510; x_wconf 64' lang='grc'><strong>16161666.</strong></span> <span class='ocrx_word' id='word_1_30' title='bbox 981 450 1005 495; x_wconf 89' lang='grc'>7.</span> <span class='ocrx_word' id='word_1_31' title='bbox 1017 445 1075 494; x_wconf 83' lang='lat' dir='ltr'>Alia</span> <span class='ocrx_word' id='word_1_32' title='bbox 1085 445 1173 510; x_wconf 75' lang='lat' dir='ltr'>legatio</span> 
     </span>
     <span class='ocr_line' id='line_1_4' title="bbox 71 510 1175 577; baseline 0.001 -18"><span class='ocrx_word' id='word_1_33' title='bbox 71 511 135 559; x_wconf 79' lang='lat' dir='ltr'>dicte</span> <span class='ocrx_word' id='word_1_34' title='bbox 151 519 212 568; x_wconf 87' lang='lat' dir='ltr'>erat,</span> <span class='ocrx_word' id='word_1_35' title='bbox 223 512 272 560; x_wconf 83' lang='lat' dir='ltr'>alis</span> <span class='ocrx_word' id='word_1_36' title='bbox 282 511 340 561; x_wconf 73' lang='lat' dir='ltr'>dete</span> <span class='ocrx_word' id='word_1_37' title='bbox 350 520 397 564; x_wconf 89' lang='lat' dir='ltr'>est.</span> <span class='ocrx_word' id='word_1_38' title='bbox 419 514 617 577; x_wconf 65' lang='grc'><strong>16666616.</strong></span> <span class='ocrx_word' id='word_1_39' title='bbox 629 515 653 561; x_wconf 80' lang='grc'>2.</span> <span class='ocrx_word' id='word_1_40' title='bbox 667 511 751 573; x_wconf 59' lang='grc' dir='ltr'>ι111166</span> <span class='ocrx_word' id='word_1_41' title='bbox 761 519 800 560; x_wconf 87' lang='lat' dir='ltr'>eat</span> <span class='ocrx_word' id='word_1_42' title='bbox 809 511 960 568; x_wconf 69' lang='lat' dir='ltr'><strong>maledicere,</strong></span> <span class='ocrx_word' id='word_1_43' title='bbox 973 510 1039 559; x_wconf 78' lang='lat' dir='ltr'>eliud</span> <span class='ocrx_word' id='word_1_44' title='bbox 1053 525 1175 560; x_wconf 72' lang='lat' dir='ltr'>accusare.</span> 
     </span>
     <span class='ocr_line' id='line_1_5' title="bbox 64 575 1172 640; baseline -0.001 -15"><span class='ocrx_word' id='word_1_45' title='bbox 64 575 139 630; x_wconf 58' lang='lat' dir='ltr'>Mal.</span> <span class='ocrx_word' id='word_1_46' title='bbox 151 580 176 627; x_wconf 93' lang='grc'>1.</span> <span class='ocrx_word' id='word_1_47' title='bbox 189 578 287 640; x_wconf 77' lang='lat' dir='ltr'>deLeg.</span> <span class='ocrx_word' id='word_1_48' title='bbox 296 594 321 627; x_wconf 82' lang='lat' dir='ltr'>c·</span> <span class='ocrx_word' id='word_1_49' title='bbox 330 581 353 626; x_wconf 91' lang='lat' dir='ltr'>l.</span> <span class='ocrx_word' id='word_1_50' title='bbox 364 576 520 640; x_wconf 83' lang='lat' dir='ltr'>Intelligote,</span> <span class='ocrx_word' id='word_1_51' title='bbox 530 578 612 633; x_wconf 84' lang='lat' dir='ltr'>frater,</span> <span class='ocrx_word' id='word_1_52' title='bbox 624 577 718 625; x_wconf 84' lang='lat' dir='ltr'>nlissin</span> <span class='ocrx_word' id='word_1_53' title='bbox 726 576 826 625; x_wconf 87' lang='lat' dir='ltr'>historia</span> <span class='ocrx_word' id='word_1_54' title='bbox 834 576 901 640; x_wconf 80' lang='lat' dir='ltr'>leges</span> <span class='ocrx_word' id='word_1_55' title='bbox 908 577 1070 625; x_wconf 86' lang='lat' dir='ltr'>observandas</span> <span class='ocrx_word' id='word_1_56' title='bbox 1078 583 1172 639; x_wconf 82' lang='lat' dir='ltr'>putare,</span> 
     </span>
     <span class='ocr_line' id='line_1_6' title="bbox 68 639 1200 714; baseline 0.002 -25"><span class='ocrx_word' id='word_1_57' title='bbox 68 639 131 714; x_wconf 80' lang='lat' dir='ltr'>alies</span> <span class='ocrx_word' id='word_1_58' title='bbox 145 641 173 689; x_wconf 90' lang='lat' dir='ltr'>in</span> <span class='ocrx_word' id='word_1_59' title='bbox 190 651 309 706; x_wconf 75' lang='lat' dir='ltr'>poemate.</span> <span class='ocrx_word' id='word_1_60' title='bbox 327 643 367 693; x_wconf 85' lang='lat' dir='ltr'>ld.</span> <span class='ocrx_word' id='word_1_61' title='bbox 377 642 396 692; x_wconf 94' lang='grc'>1.</span> <span class='ocrx_word' id='word_1_62' title='bbox 408 646 431 692; x_wconf 89' lang='lat' dir='ltr'>l.</span> <span class='ocrx_word' id='word_1_63' title='bbox 442 646 470 692; x_wconf 83' lang='lat' dir='ltr'>de</span> <span class='ocrx_word' id='word_1_64' title='bbox 485 643 555 692; x_wconf 79' lang='lat' dir='ltr'>Oret.</span> <span class='ocrx_word' id='word_1_65' title='bbox 567 658 590 691; x_wconf 95' lang='grc'>6.</span> <span class='ocrx_word' id='word_1_66' title='bbox 601 645 640 690; x_wconf 77' lang='lat' dir='ltr'>tr.</span> <span class='ocrx_word' id='word_1_67' title='bbox 657 641 722 691; x_wconf 85' lang='lat' dir='ltr'>Aliis</span> <span class='ocrx_word' id='word_1_68' title='bbox 731 641 890 699; x_wconf 84' lang='lat' dir='ltr'>miserandus,</span> <span class='ocrx_word' id='word_1_69' title='bbox 907 641 962 690; x_wconf 80' lang='lat' dir='ltr'>eliis</span> <span class='ocrx_word' id='word_1_70' title='bbox 970 640 1106 692; x_wconf 74' lang='lat' dir='ltr'>irridendus</span> <span class='ocrx_word' id='word_1_71' title='bbox 1117 655 1171 691; x_wconf 79' lang='lat' dir='ltr'>eser</span> <span class='ocrx_word' id='word_1_72' title='bbox 1198 657 1200 661; x_wconf 55' lang='lat'><strong><em>⁴</em></strong></span> 
     </span>
     <span class='ocr_line' id='line_1_7' title="bbox 71 703 1016 823; baseline -0.003 -1"><span class='ocrx_word' id='word_1_73' title='bbox 71 703 175 757; x_wconf 42' lang='lat' dir='ltr'><strong>&#39;Idem&#39;</strong></span> <span class='ocrx_word' id='word_1_74' title='bbox 401 771 416 803; x_wconf 69' lang='lat'><em>⁶</em></span> <span class='ocrx_word' id='word_1_75' title='bbox 427 774 468 822; x_wconf 94' lang='grc'>24.</span> <span class='ocrx_word' id='word_1_76' title='bbox 478 771 646 823; x_wconf 76' lang='lat' dir='ltr'>Aliter—clins</span> <span class='ocrx_word' id='word_1_77' title='bbox 657 785 712 822; x_wconf 81' lang='lat' dir='ltr'>cero</span> <span class='ocrx_word' id='word_1_78' title='bbox 722 787 810 820; x_wconf 80' lang='lat' dir='ltr'>rerum.</span> <span class='ocrx_word' id='word_1_79' title='bbox 815 771 837 805; x_wconf 89' lang='lat'>¹⁷</span> <span class='ocrx_word' id='word_1_80' title='bbox 1015 757 1016 761; x_wconf 25' lang='lat'>¹</span> 
     </span>
    </p>

    <p class='ocr_par' dir='ltr' id='par_1_3' title="bbox 99 852 1078 916">
     <span class='ocr_line' id='line_1_8' title="bbox 99 852 1078 916; baseline -0.002 -14"><span class='ocrx_word' id='word_1_81' title='bbox 99 852 200 904; x_wconf 68' lang='lat' dir='ltr'>Plinius</span> <span class='ocrx_word' id='word_1_82' title='bbox 210 852 227 902; x_wconf 93' lang='grc'>1.</span> <span class='ocrx_word' id='word_1_83' title='bbox 239 857 279 904; x_wconf 88' lang='grc'>17.</span> <span class='ocrx_word' id='word_1_84' title='bbox 290 869 312 904; x_wconf 86' lang='grc'>6.</span> <span class='ocrx_word' id='word_1_85' title='bbox 325 856 349 903; x_wconf 90' lang='grc'>2.</span> <span class='ocrx_word' id='word_1_86' title='bbox 359 853 418 902; x_wconf 87' lang='lat' dir='ltr'>Alio</span> <span class='ocrx_word' id='word_1_87' title='bbox 429 852 469 901; x_wconf 92' lang='lat' dir='ltr'>die</span> <span class='ocrx_word' id='word_1_88' title='bbox 479 853 580 902; x_wconf 87' lang='lat' dir='ltr'>hiberna</span> <span class='ocrx_word' id='word_1_89' title='bbox 590 860 701 916; x_wconf 77' lang='lat' dir='ltr'>querunt</span> <span class='ocrx_word' id='word_1_90' title='bbox 710 852 814 916; x_wconf 79' lang='lat' dir='ltr'>pluvios,</span> <span class='ocrx_word' id='word_1_91' title='bbox 825 852 873 901; x_wconf 87' lang='lat' dir='ltr'>ulio</span> <span class='ocrx_word' id='word_1_92' title='bbox 884 866 941 901; x_wconf 81' lang='lat' dir='ltr'>vero</span> <span class='ocrx_word' id='word_1_93' title='bbox 952 852 1078 916; x_wconf 82' lang='lat' dir='ltr'>praecocis.</span> 
     </span>
    </p>
   </div>
   <div class='ocr_carea' id='block_1_3' title="bbox 342 951 903 1015">
    <p class='ocr_par' dir='ltr' id='par_1_4' title="bbox 342 951 903 1015">
     <span class='ocr_line' id='line_1_9' title="bbox 342 951 903 1015; baseline -0.005 -14"><span class='ocrx_word' id='word_1_94' title='bbox 342 953 383 1001; x_wconf 83' lang='grc'>26.</span> <span class='ocrx_word' id='word_1_95' title='bbox 393 951 467 1009; x_wconf 68' lang='lat' dir='ltr'>Alias</span> <span class='ocrx_word' id='word_1_96' title='bbox 475 952 576 1001; x_wconf 78' lang='lat' dir='ltr'>iteratur</span> <span class='ocrx_word' id='word_1_97' title='bbox 586 951 681 1001; x_wconf 86' lang='lat' dir='ltr'>diverso</span> <span class='ocrx_word' id='word_1_98' title='bbox 692 966 759 1008; x_wconf 82' lang='lat' dir='ltr'>casu,</span> <span class='ocrx_word' id='word_1_99' title='bbox 771 951 903 1015; x_wconf 81' lang='lat' dir='ltr'>eleganter.</span> 
     </span>
    </p>
   </div>
   <div class='ocr_carea' id='block_1_4' title="bbox 62 1030 1248 2007">
    <p class='ocr_par' dir='ltr' id='par_1_5' title="bbox 62 1030 1248 2007">
     <span class='ocr_line' id='line_1_10' title="bbox 99 1030 1171 1098; baseline 0.001 -16"><span class='ocrx_word' id='word_1_100' title='bbox 99 1033 172 1098; x_wconf 68' lang='lat' dir='ltr'>Seps</span> <span class='ocrx_word' id='word_1_101' title='bbox 183 1033 258 1082; x_wconf 83' lang='lat' dir='ltr'>etism</span> <span class='ocrx_word' id='word_1_102' title='bbox 267 1034 368 1083; x_wconf 73' lang='lat' dir='ltr'>iteratur</span> <span class='ocrx_word' id='word_1_103' title='bbox 377 1030 471 1090; x_wconf 68' lang='lat' dir='ltr'>direrso</span> <span class='ocrx_word' id='word_1_104' title='bbox 482 1047 547 1082; x_wconf 84' lang='lat' dir='ltr'>essu.</span> <span class='ocrx_word' id='word_1_105' title='bbox 571 1033 623 1082; x_wconf 88' lang='lat' dir='ltr'>Cic.</span> <span class='ocrx_word' id='word_1_106' title='bbox 630 1047 675 1096; x_wconf 79' lang='lat' dir='ltr'>pro</span> <span class='ocrx_word' id='word_1_107' title='bbox 687 1032 758 1082; x_wconf 78' lang='lat' dir='ltr'>Sext.</span> <span class='ocrx_word' id='word_1_108' title='bbox 768 1049 790 1080; x_wconf 92' lang='lat' dir='ltr'>c.</span> <span class='ocrx_word' id='word_1_109' title='bbox 803 1035 843 1082; x_wconf 80' lang='grc'>94.</span> <span class='ocrx_word' id='word_1_110' title='bbox 853 1031 924 1081; x_wconf 84' lang='lat' dir='ltr'>Alius</span> <span class='ocrx_word' id='word_1_111' title='bbox 935 1032 983 1081; x_wconf 84' lang='lat' dir='ltr'>alio</span> <span class='ocrx_word' id='word_1_112' title='bbox 993 1032 1088 1097; x_wconf 70' lang='lat' dir='ltr'>gravius</span> <span class='ocrx_word' id='word_1_113' title='bbox 1097 1041 1171 1097; x_wconf 83' lang='lat' dir='ltr'>atque</span> 
     </span>
     <span class='ocr_line' id='line_1_11' title="bbox 68 1096 1172 1161; baseline 0.003 -15"><span class='ocrx_word' id='word_1_114' title='bbox 68 1101 176 1148; x_wconf 75' lang='lat' dir='ltr'>emerius</span> <span class='ocrx_word' id='word_1_115' title='bbox 187 1100 218 1153; x_wconf 86' lang='lat' dir='ltr'>de</span> <span class='ocrx_word' id='word_1_116' title='bbox 229 1114 284 1147; x_wconf 89' lang='lat' dir='ltr'>mea</span> <span class='ocrx_word' id='word_1_117' title='bbox 298 1098 377 1147; x_wconf 84' lang='lat' dir='ltr'>salute</span> <span class='ocrx_word' id='word_1_118' title='bbox 393 1098 465 1146; x_wconf 86' lang='lat' dir='ltr'>dixit.</span> <span class='ocrx_word' id='word_1_119' title='bbox 477 1098 532 1161; x_wconf 76' lang='lat' dir='ltr'>tbcy</span> <span class='ocrx_word' id='word_1_120' title='bbox 542 1099 596 1147; x_wconf 84' lang='lat' dir='ltr'>ried</span> <span class='ocrx_word' id='word_1_121' title='bbox 606 1096 667 1147; x_wconf 78' lang='lat' dir='ltr'>witi</span> <span class='ocrx_word' id='word_1_122' title='bbox 676 1097 733 1146; x_wconf 86' lang='lat' dir='ltr'>enclr</span> <span class='ocrx_word' id='word_1_123' title='bbox 742 1097 810 1146; x_wconf 81' lang='lat' dir='ltr'>otber</span> <span class='ocrx_word' id='word_1_124' title='bbox 820 1097 845 1146; x_wconf 80' lang='lat' dir='ltr'>ir</span> <span class='ocrx_word' id='word_1_125' title='bbox 853 1098 970 1160; x_wconf 77' lang='lat' dir='ltr'>epeulring</span> <span class='ocrx_word' id='word_1_126' title='bbox 980 1098 1114 1158; x_wconf 77' lang='lat' dir='ltr'>witbsorce</span> <span class='ocrx_word' id='word_1_127' title='bbox 1122 1103 1172 1149; x_wconf 78' lang='lat' dir='ltr'>arrd</span> 
     </span>
     <span class='ocr_line' id='line_1_12' title="bbox 66 1162 1171 1230; baseline 0.001 -16"><span class='ocrx_word' id='word_1_128' title='bbox 66 1165 186 1224; x_wconf 72' lang='lat' dir='ltr'>degerem</span> <span class='ocrx_word' id='word_1_129' title='bbox 203 1165 243 1213; x_wconf 86' lang='lat' dir='ltr'>Id.</span> <span class='ocrx_word' id='word_1_130' title='bbox 258 1167 274 1213; x_wconf 77' lang='grc'><strong>9</strong></span> <span class='ocrx_word' id='word_1_131' title='bbox 290 1164 359 1214; x_wconf 83' lang='lat' dir='ltr'>Verr.</span> <span class='ocrx_word' id='word_1_132' title='bbox 375 1179 397 1212; x_wconf 88' lang='grc'>6.</span> <span class='ocrx_word' id='word_1_133' title='bbox 414 1165 455 1213; x_wconf 88' lang='grc'>26.</span> <span class='ocrx_word' id='word_1_134' title='bbox 471 1162 519 1211; x_wconf 85' lang='lat' dir='ltr'>llic</span> <span class='ocrx_word' id='word_1_135' title='bbox 533 1169 586 1210; x_wconf 87' lang='lat' dir='ltr'>tum</span> <span class='ocrx_word' id='word_1_136' title='bbox 600 1163 662 1210; x_wconf 82' lang='lat' dir='ltr'>alius</span> <span class='ocrx_word' id='word_1_137' title='bbox 673 1162 763 1210; x_wconf 81' lang='lat' dir='ltr'>exalia</span> <span class='ocrx_word' id='word_1_138' title='bbox 773 1169 851 1224; x_wconf 85' lang='lat' dir='ltr'>perte.</span> <span class='ocrx_word' id='word_1_139' title='bbox 870 1176 913 1212; x_wconf 83' lang='lat' dir='ltr'>one</span> <span class='ocrx_word' id='word_1_140' title='bbox 924 1163 998 1225; x_wconf 76' lang='lat' dir='ltr'>began</span> <span class='ocrx_word' id='word_1_141' title='bbox 1010 1179 1041 1213; x_wconf 79' lang='lat' dir='ltr'>os</span> <span class='ocrx_word' id='word_1_142' title='bbox 1052 1165 1100 1213; x_wconf 82' lang='lat' dir='ltr'>tbir</span> <span class='ocrx_word' id='word_1_143' title='bbox 1109 1165 1171 1230; x_wconf 82' lang='lat' dir='ltr'>eide,</span> 
     </span>
     <span class='ocr_line' id='line_1_13' title="bbox 67 1225 1170 1290; baseline 0 -12"><span class='ocrx_word' id='word_1_144' title='bbox 67 1230 116 1278; x_wconf 71' lang='lat' dir='ltr'>aad</span> <span class='ocrx_word' id='word_1_145' title='bbox 127 1229 229 1278; x_wconf 70' lang='grc'><strong>66611666</strong></span> <span class='ocrx_word' id='word_1_146' title='bbox 239 1243 271 1278; x_wconf 83' lang='grc'>66</span> <span class='ocrx_word' id='word_1_147' title='bbox 282 1229 344 1278; x_wconf 74' lang='lat' dir='ltr'>tter.</span> <span class='ocrx_word' id='word_1_148' title='bbox 372 1230 412 1278; x_wconf 85' lang='lat' dir='ltr'>ld.</span> <span class='ocrx_word' id='word_1_149' title='bbox 422 1229 440 1275; x_wconf 87' lang='lat' dir='ltr'>l.</span> <span class='ocrx_word' id='word_1_150' title='bbox 451 1232 474 1276; x_wconf 94' lang='lat'>1.</span> <span class='ocrx_word' id='word_1_151' title='bbox 492 1229 521 1276; x_wconf 84' lang='lat' dir='ltr'>dc</span> <span class='ocrx_word' id='word_1_152' title='bbox 532 1228 593 1276; x_wconf 84' lang='lat' dir='ltr'>Nat.</span> <span class='ocrx_word' id='word_1_153' title='bbox 611 1229 686 1277; x_wconf 83' lang='lat' dir='ltr'>Decr.</span> <span class='ocrx_word' id='word_1_154' title='bbox 702 1244 724 1275; x_wconf 91' lang='lat' dir='ltr'>c.</span> <span class='ocrx_word' id='word_1_155' title='bbox 735 1232 760 1277; x_wconf 88' lang='grc'>4.</span> <span class='ocrx_word' id='word_1_156' title='bbox 775 1227 821 1279; x_wconf 81' lang='lat' dir='ltr'>Est</span> <span class='ocrx_word' id='word_1_157' title='bbox 836 1225 982 1276; x_wconf 78' lang='lat' dir='ltr'>admirabilis</span> <span class='ocrx_word' id='word_1_158' title='bbox 992 1228 1101 1290; x_wconf 77' lang='lat' dir='ltr'>quedam</span> <span class='ocrx_word' id='word_1_159' title='bbox 1112 1244 1170 1278; x_wconf 88' lang='lat' dir='ltr'>con·</span> 
     </span>
     <span class='ocr_line' id='line_1_14' title="bbox 66 1291 1171 1358; baseline 0.004 -18"><span class='ocrx_word' id='word_1_160' title='bbox 66 1292 171 1342; x_wconf 76' lang='grc'><strong>11666116</strong></span> <span class='ocrx_word' id='word_1_161' title='bbox 182 1293 305 1358; x_wconf 68' lang='lat' dir='ltr'>sedesque</span> <span class='ocrx_word' id='word_1_162' title='bbox 316 1309 408 1342; x_wconf 85' lang='lat' dir='ltr'>rernm:</span> <span class='ocrx_word' id='word_1_163' title='bbox 425 1299 454 1340; x_wconf 93' lang='lat' dir='ltr'>ut</span> <span class='ocrx_word' id='word_1_164' title='bbox 465 1293 512 1340; x_wconf 77' lang='lat' dir='ltr'>slis</span> <span class='ocrx_word' id='word_1_165' title='bbox 522 1307 554 1339; x_wconf 88' lang='lat' dir='ltr'>ex</span> <span class='ocrx_word' id='word_1_166' title='bbox 564 1292 611 1340; x_wconf 82' lang='lat' dir='ltr'>elia</span> <span class='ocrx_word' id='word_1_167' title='bbox 620 1307 693 1348; x_wconf 86' lang='lat' dir='ltr'>nexa,</span> <span class='ocrx_word' id='word_1_168' title='bbox 705 1300 731 1340; x_wconf 91' lang='lat' dir='ltr'>et</span> <span class='ocrx_word' id='word_1_169' title='bbox 741 1307 824 1352; x_wconf 86' lang='lat' dir='ltr'>omnes</span> <span class='ocrx_word' id='word_1_170' title='bbox 831 1291 927 1345; x_wconf 81' lang='lat' dir='ltr'>intereo</span> <span class='ocrx_word' id='word_1_171' title='bbox 934 1303 996 1356; x_wconf 75' lang='lat' dir='ltr'>apte</span> <span class='ocrx_word' id='word_1_172' title='bbox 1004 1295 1171 1358; x_wconf 79' lang='lat' dir='ltr'>colligetaeque</span> 
     </span>
     <span class='ocr_line' id='line_1_15' title="bbox 66 1356 1171 1422; baseline 0.005 -19"><span class='ocrx_word' id='word_1_173' title='bbox 66 1357 205 1406; x_wconf 80' lang='lat' dir='ltr'>rideantur.</span> <span class='ocrx_word' id='word_1_174' title='bbox 216 1359 256 1408; x_wconf 81' lang='lat' dir='ltr'>ld.</span> <span class='ocrx_word' id='word_1_175' title='bbox 264 1359 282 1406; x_wconf 91' lang='lat' dir='ltr'>l.</span> <span class='ocrx_word' id='word_1_176' title='bbox 293 1362 318 1406; x_wconf 81' lang='grc'>7.</span> <span class='ocrx_word' id='word_1_177' title='bbox 329 1359 399 1411; x_wconf 71' lang='lat' dir='ltr'>fam.</span> <span class='ocrx_word' id='word_1_178' title='bbox 406 1374 441 1422; x_wconf 71' lang='grc' dir='ltr'>φ.</span> <span class='ocrx_word' id='word_1_179' title='bbox 452 1356 585 1407; x_wconf 80' lang='grc' dir='ltr'><strong>24.Η61)66</strong></span> <span class='ocrx_word' id='word_1_180' title='bbox 596 1356 683 1404; x_wconf 77' lang='lat' dir='ltr'>Sardos</span> <span class='ocrx_word' id='word_1_181' title='bbox 693 1357 799 1412; x_wconf 74' lang='lat' dir='ltr'>venales,</span> <span class='ocrx_word' id='word_1_182' title='bbox 811 1357 886 1404; x_wconf 78' lang='lat' dir='ltr'>elium</span> <span class='ocrx_word' id='word_1_183' title='bbox 896 1356 942 1404; x_wconf 85' lang='lat' dir='ltr'>slio</span> <span class='ocrx_word' id='word_1_184' title='bbox 953 1359 1101 1420; x_wconf 85' lang='lat' dir='ltr'>nequiorem.</span> <span class='ocrx_word' id='word_1_185' title='bbox 1114 1360 1171 1410; x_wconf 77' lang='lat' dir='ltr'>ecclc</span> 
     </span>
     <span class='ocr_line' id='line_1_16' title="bbox 65 1422 1171 1486; baseline 0.001 -14"><span class='ocrx_word' id='word_1_186' title='bbox 65 1424 183 1486; x_wconf 83' lang='lat' dir='ltr'>oetdcing</span> <span class='ocrx_word' id='word_1_187' title='bbox 193 1425 234 1473; x_wconf 77' lang='lat' dir='ltr'>tlte</span> <span class='ocrx_word' id='word_1_188' title='bbox 245 1424 313 1472; x_wconf 84' lang='lat' dir='ltr'>otber</span> <span class='ocrx_word' id='word_1_189' title='bbox 323 1423 349 1472; x_wconf 84' lang='lat' dir='ltr'>in</span> <span class='ocrx_word' id='word_1_190' title='bbox 360 1427 480 1486; x_wconf 75' lang='lat' dir='ltr'>knevery5</span> <span class='ocrx_word' id='word_1_191' title='bbox 496 1423 553 1471; x_wconf 74' lang='lat' dir='ltr'>eccle</span> <span class='ocrx_word' id='word_1_192' title='bbox 563 1437 578 1470; x_wconf 88' lang='grc'>6</span> <span class='ocrx_word' id='word_1_193' title='bbox 587 1426 686 1483; x_wconf 78' lang='lat' dir='ltr'>greater</span> <span class='ocrx_word' id='word_1_194' title='bbox 695 1436 768 1483; x_wconf 76' lang='lat' dir='ltr'>rogus</span> <span class='ocrx_word' id='word_1_195' title='bbox 779 1424 838 1471; x_wconf 83' lang='lat' dir='ltr'>tlmn</span> <span class='ocrx_word' id='word_1_196' title='bbox 854 1423 894 1470; x_wconf 83' lang='lat' dir='ltr'>tle</span> <span class='ocrx_word' id='word_1_197' title='bbox 904 1422 982 1473; x_wconf 81' lang='lat' dir='ltr'>otber.</span> <span class='ocrx_word' id='word_1_198' title='bbox 1004 1424 1044 1472; x_wconf 82' lang='lat' dir='ltr'>ld.</span> <span class='ocrx_word' id='word_1_199' title='bbox 1055 1424 1071 1472; x_wconf 93' lang='lat' dir='ltr'>l.</span> <span class='ocrx_word' id='word_1_200' title='bbox 1081 1428 1104 1472; x_wconf 90' lang='grc'>7.</span> <span class='ocrx_word' id='word_1_201' title='bbox 1114 1423 1171 1477; x_wconf 74' lang='lat' dir='ltr'>Au.</span> 
     </span>
     <span class='ocr_line' id='line_1_17' title="bbox 65 1487 1170 1552; baseline 0 -15"><span class='ocrx_word' id='word_1_202' title='bbox 65 1502 100 1552; x_wconf 79' lang='lat' dir='ltr'>tp·</span> <span class='ocrx_word' id='word_1_203' title='bbox 111 1491 136 1536; x_wconf 89' lang='grc'>2.</span> <span class='ocrx_word' id='word_1_204' title='bbox 152 1488 233 1537; x_wconf 88' lang='lat' dir='ltr'>Venio</span> <span class='ocrx_word' id='word_1_205' title='bbox 252 1487 283 1535; x_wconf 88' lang='lat' dir='ltr'>ad</span> <span class='ocrx_word' id='word_1_206' title='bbox 303 1487 419 1551; x_wconf 86' lang='lat' dir='ltr'>epistolas</span> <span class='ocrx_word' id='word_1_207' title='bbox 435 1497 497 1542; x_wconf 81' lang='lat' dir='ltr'>tues,</span> <span class='ocrx_word' id='word_1_208' title='bbox 516 1501 576 1549; x_wconf 86' lang='lat' dir='ltr'>quss</span> <span class='ocrx_word' id='word_1_209' title='bbox 592 1501 636 1548; x_wconf 82' lang='lat' dir='ltr'>ego</span> <span class='ocrx_word' id='word_1_210' title='bbox 653 1493 780 1534; x_wconf 77' lang='lat' dir='ltr'>sexcentas</span> <span class='ocrx_word' id='word_1_211' title='bbox 796 1501 844 1534; x_wconf 91' lang='lat' dir='ltr'>uno</span> <span class='ocrx_word' id='word_1_212' title='bbox 864 1494 972 1548; x_wconf 89' lang='lat' dir='ltr'>tempore</span> <span class='ocrx_word' id='word_1_213' title='bbox 989 1489 1081 1552; x_wconf 79' lang='lat' dir='ltr'>accepi,</span> <span class='ocrx_word' id='word_1_214' title='bbox 1099 1489 1170 1537; x_wconf 84' lang='lat' dir='ltr'>sliam</span> 
     </span>
     <span class='ocr_line' id='line_1_18' title="bbox 64 1551 1248 1616; baseline 0.003 -16"><span class='ocrx_word' id='word_1_215' title='bbox 64 1553 114 1600; x_wconf 85' lang='lat' dir='ltr'>alis</span> <span class='ocrx_word' id='word_1_216' title='bbox 121 1553 300 1616; x_wconf 81' lang='lat' dir='ltr'>jucundiorem,</span> <span class='ocrx_word' id='word_1_217' title='bbox 312 1568 365 1616; x_wconf 86' lang='lat' dir='ltr'>quae</span> <span class='ocrx_word' id='word_1_218' title='bbox 377 1552 475 1614; x_wconf 90' lang='lat' dir='ltr'>quidem</span> <span class='ocrx_word' id='word_1_219' title='bbox 490 1559 559 1599; x_wconf 81' lang='lat' dir='ltr'>erunt</span> <span class='ocrx_word' id='word_1_220' title='bbox 568 1557 699 1598; x_wconf 89' lang='lat' dir='ltr'>tuamanu.</span> <span class='ocrx_word' id='word_1_221' title='bbox 721 1551 760 1598; x_wconf 86' lang='lat' dir='ltr'>ld.</span> <span class='ocrx_word' id='word_1_222' title='bbox 778 1551 795 1599; x_wconf 95' lang='lat' dir='ltr'>l.</span> <span class='ocrx_word' id='word_1_223' title='bbox 813 1553 836 1598; x_wconf 83' lang='lat'>3.</span> <span class='ocrx_word' id='word_1_224' title='bbox 856 1553 887 1608; x_wconf 87' lang='lat' dir='ltr'>Q.</span> <span class='ocrx_word' id='word_1_225' title='bbox 900 1553 946 1600; x_wconf 87' lang='lat' dir='ltr'>Fr.</span> <span class='ocrx_word' id='word_1_226' title='bbox 962 1568 999 1616; x_wconf 85' lang='lat' dir='ltr'>ep.</span> <span class='ocrx_word' id='word_1_227' title='bbox 1013 1557 1036 1600; x_wconf 90' lang='lat'>1.</span> <span class='ocrx_word' id='word_1_228' title='bbox 1053 1554 1134 1600; x_wconf 80' lang='lat' dir='ltr'>Mults</span> <span class='ocrx_word' id='word_1_229' title='bbox 1143 1554 1170 1604; x_wconf 90' lang='lat' dir='ltr'>in</span> <span class='ocrx_word' id='word_1_230' title='bbox 1246 1600 1248 1605; x_wconf 81' lang='grc'>,</span> 
     </span>
     <span class='ocr_line' id='line_1_19' title="bbox 65 1615 1171 1681; baseline 0.002 -15"><span class='ocrx_word' id='word_1_231' title='bbox 65 1617 195 1680; x_wconf 82' lang='lat' dir='ltr'>epistulam</span> <span class='ocrx_word' id='word_1_232' title='bbox 205 1617 315 1681; x_wconf 76' lang='lat' dir='ltr'>conjectu</span> <span class='ocrx_word' id='word_1_233' title='bbox 325 1629 390 1674; x_wconf 89' lang='lat' dir='ltr'>sunt,</span> <span class='ocrx_word' id='word_1_234' title='bbox 401 1616 468 1664; x_wconf 90' lang='lat' dir='ltr'>aliud</span> <span class='ocrx_word' id='word_1_235' title='bbox 475 1616 522 1664; x_wconf 88' lang='lat' dir='ltr'>slio</span> <span class='ocrx_word' id='word_1_236' title='bbox 532 1625 648 1679; x_wconf 87' lang='lat' dir='ltr'>tempore.</span> <span class='ocrx_word' id='word_1_237' title='bbox 657 1615 755 1664; x_wconf 75' lang='lat' dir='ltr'>written</span> <span class='ocrx_word' id='word_1_238' title='bbox 763 1620 790 1664; x_wconf 85' lang='lat' dir='ltr'>et</span> <span class='ocrx_word' id='word_1_239' title='bbox 800 1615 913 1680; x_wconf 84' lang='lat' dir='ltr'>different</span> <span class='ocrx_word' id='word_1_240' title='bbox 920 1617 998 1667; x_wconf 81' lang='lat' dir='ltr'>times.</span> <span class='ocrx_word' id='word_1_241' title='bbox 1019 1618 1059 1666; x_wconf 83' lang='lat' dir='ltr'>ld.</span> <span class='ocrx_word' id='word_1_242' title='bbox 1070 1621 1085 1666; x_wconf 76' lang='grc'><strong>2</strong></span> <span class='ocrx_word' id='word_1_243' title='bbox 1100 1618 1171 1672; x_wconf 83' lang='lat' dir='ltr'>Verr.</span> 
     </span>
     <span class='ocr_line' id='line_1_20' title="bbox 62 1681 1169 1748; baseline -0.001 -17"><span class='ocrx_word' id='word_1_244' title='bbox 62 1698 86 1731; x_wconf 88' lang='lat' dir='ltr'>c.</span> <span class='ocrx_word' id='word_1_245' title='bbox 97 1685 138 1730; x_wconf 90' lang='grc'>22.</span> <span class='ocrx_word' id='word_1_246' title='bbox 155 1682 243 1746; x_wconf 81' lang='lat' dir='ltr'>Legati</span> <span class='ocrx_word' id='word_1_247' title='bbox 254 1698 286 1730; x_wconf 88' lang='lat' dir='ltr'>ex</span> <span class='ocrx_word' id='word_1_248' title='bbox 297 1683 356 1730; x_wconf 78' lang='lat' dir='ltr'>Asis</span> <span class='ocrx_word' id='word_1_249' title='bbox 366 1698 420 1730; x_wconf 82' lang='lat' dir='ltr'>cunr</span> <span class='ocrx_word' id='word_1_250' title='bbox 432 1684 501 1745; x_wconf 75' lang='lat' dir='ltr'>signs</span> <span class='ocrx_word' id='word_1_251' title='bbox 510 1688 535 1730; x_wconf 88' lang='lat' dir='ltr'>et</span> <span class='ocrx_word' id='word_1_252' title='bbox 545 1689 685 1729; x_wconf 84' lang='lat' dir='ltr'>ornaments</span> <span class='ocrx_word' id='word_1_253' title='bbox 694 1688 875 1742; x_wconf 83' lang='lat' dir='ltr'>cognoscerent,</span> <span class='ocrx_word' id='word_1_254' title='bbox 883 1681 931 1728; x_wconf 93' lang='lat' dir='ltr'>alia</span> <span class='ocrx_word' id='word_1_255' title='bbox 939 1682 987 1729; x_wconf 88' lang='lat' dir='ltr'>alio</span> <span class='ocrx_word' id='word_1_256' title='bbox 994 1683 1022 1730; x_wconf 93' lang='lat' dir='ltr'>in</span> <span class='ocrx_word' id='word_1_257' title='bbox 1030 1683 1082 1731; x_wconf 93' lang='lat' dir='ltr'>loco</span> <span class='ocrx_word' id='word_1_258' title='bbox 1091 1684 1169 1748; x_wconf 79' lang='lat' dir='ltr'>lacry-</span> 
     </span>
     <span class='ocr_line' id='line_1_21' title="bbox 64 1745 1170 1812; baseline 0.002 -17"><span class='ocrx_word' id='word_1_259' title='bbox 64 1755 161 1796; x_wconf 83' lang='lat' dir='ltr'>mantes</span> <span class='ocrx_word' id='word_1_260' title='bbox 172 1748 335 1796; x_wconf 82' lang='lat' dir='ltr'>intuebamur.</span> <span class='ocrx_word' id='word_1_261' title='bbox 346 1763 409 1797; x_wconf 83' lang='lat' dir='ltr'>come</span> <span class='ocrx_word' id='word_1_262' title='bbox 423 1747 450 1795; x_wconf 88' lang='lat' dir='ltr'>in</span> <span class='ocrx_word' id='word_1_263' title='bbox 469 1759 516 1796; x_wconf 84' lang='lat' dir='ltr'>one·</span> <span class='ocrx_word' id='word_1_264' title='bbox 527 1747 593 1810; x_wconf 81' lang='lat' dir='ltr'>ploce</span> <span class='ocrx_word' id='word_1_265' title='bbox 611 1749 659 1795; x_wconf 87' lang='lat' dir='ltr'>and</span> <span class='ocrx_word' id='word_1_266' title='bbox 669 1759 732 1794; x_wconf 80' lang='lat' dir='ltr'>tome</span> <span class='ocrx_word' id='word_1_267' title='bbox 742 1745 768 1794; x_wconf 82' lang='lat' dir='ltr'>in</span> <span class='ocrx_word' id='word_1_268' title='bbox 779 1746 886 1795; x_wconf 78' lang='lat' dir='ltr'>another.</span> <span class='ocrx_word' id='word_1_269' title='bbox 898 1747 938 1795; x_wconf 89' lang='lat' dir='ltr'>Id.</span> <span class='ocrx_word' id='word_1_270' title='bbox 947 1747 965 1792; x_wconf 88' lang='lat' dir='ltr'>l.</span> <span class='ocrx_word' id='word_1_271' title='bbox 977 1751 1000 1794; x_wconf 93' lang='lat'>1.</span> <span class='ocrx_word' id='word_1_272' title='bbox 1011 1750 1041 1797; x_wconf 88' lang='lat' dir='ltr'>de</span> <span class='ocrx_word' id='word_1_273' title='bbox 1050 1747 1102 1812; x_wconf 80' lang='lat' dir='ltr'>Off.</span> <span class='ocrx_word' id='word_1_274' title='bbox 1112 1764 1134 1796; x_wconf 88' lang='lat' dir='ltr'>c.</span> <span class='ocrx_word' id='word_1_275' title='bbox 1145 1753 1170 1798; x_wconf 91' lang='grc'><strong>7.</strong></span> 
     </span>
     <span class='ocr_line' id='line_1_22' title="bbox 64 1810 1169 1874; baseline 0.001 -14"><span class='ocrx_word' id='word_1_276' title='bbox 64 1810 150 1861; x_wconf 84' lang='lat' dir='ltr'>Placet</span> <span class='ocrx_word' id='word_1_277' title='bbox 168 1813 265 1869; x_wconf 76' lang='lat' dir='ltr'>Stoicis,</span> <span class='ocrx_word' id='word_1_278' title='bbox 281 1812 390 1860; x_wconf 88' lang='lat' dir='ltr'>homines</span> <span class='ocrx_word' id='word_1_279' title='bbox 406 1811 530 1860; x_wconf 85' lang='lat' dir='ltr'>bominum</span> <span class='ocrx_word' id='word_1_280' title='bbox 545 1826 618 1859; x_wconf 82' lang='grc'><strong>66666</strong></span> <span class='ocrx_word' id='word_1_281' title='bbox 629 1825 683 1859; x_wconf 87' lang='lat' dir='ltr'>esse</span> <span class='ocrx_word' id='word_1_282' title='bbox 694 1817 828 1874; x_wconf 78' lang='lat' dir='ltr'>generatos,</span> <span class='ocrx_word' id='word_1_283' title='bbox 848 1818 875 1859; x_wconf 87' lang='lat' dir='ltr'>ut</span> <span class='ocrx_word' id='word_1_284' title='bbox 885 1811 932 1873; x_wconf 86' lang='lat' dir='ltr'>ipsi</span> <span class='ocrx_word' id='word_1_285' title='bbox 941 1811 1005 1859; x_wconf 84' lang='lat' dir='ltr'>inter</span> <span class='ocrx_word' id='word_1_286' title='bbox 1020 1827 1047 1860; x_wconf 88' lang='grc'>66</span> <span class='ocrx_word' id='word_1_287' title='bbox 1066 1813 1105 1860; x_wconf 80' lang='lat' dir='ltr'>elii</span> <span class='ocrx_word' id='word_1_288' title='bbox 1115 1812 1169 1862; x_wconf 85' lang='lat' dir='ltr'>aliis</span> 
     </span>
     <span class='ocr_line' id='line_1_23' title="bbox 63 1875 1169 1941; baseline 0.003 -16"><span class='ocrx_word' id='word_1_289' title='bbox 63 1877 181 1939; x_wconf 81' lang='lat' dir='ltr'>prodesse</span> <span class='ocrx_word' id='word_1_290' title='bbox 192 1878 294 1941; x_wconf 82' lang='lat' dir='ltr'>possint.</span> <span class='ocrx_word' id='word_1_291' title='bbox 309 1878 349 1927; x_wconf 82' lang='lat' dir='ltr'>tice</span> <span class='ocrx_word' id='word_1_292' title='bbox 366 1877 448 1928; x_wconf 78' lang='lat' dir='ltr'>Stoice</span> <span class='ocrx_word' id='word_1_293' title='bbox 456 1877 521 1937; x_wconf 83' lang='lat' dir='ltr'>bold,</span> <span class='ocrx_word' id='word_1_294' title='bbox 539 1877 593 1926; x_wconf 86' lang='lat' dir='ltr'>tbut</span> <span class='ocrx_word' id='word_1_295' title='bbox 603 1891 656 1926; x_wconf 85' lang='lat' dir='ltr'>men</span> <span class='ocrx_word' id='word_1_296' title='bbox 673 1890 714 1925; x_wconf 82' lang='lat' dir='ltr'>arc</span> <span class='ocrx_word' id='word_1_297' title='bbox 725 1875 920 1936; x_wconf 79' lang='lat' dir='ltr'>creetedsorose</span> <span class='ocrx_word' id='word_1_298' title='bbox 929 1878 1037 1941; x_wconf 75' lang='lat' dir='ltr'>nmtltcr,</span> <span class='ocrx_word' id='word_1_299' title='bbox 1048 1883 1072 1928; x_wconf 87' lang='lat' dir='ltr'>to</span> <span class='ocrx_word' id='word_1_300' title='bbox 1084 1878 1124 1927; x_wconf 80' lang='lat' dir='ltr'>tlte</span> <span class='ocrx_word' id='word_1_301' title='bbox 1132 1880 1169 1928; x_wconf 83' lang='lat' dir='ltr'>in·</span> 
     </span>
     <span class='ocr_line' id='line_1_24' title="bbox 63 1942 598 2007; baseline 0.006 -17"><span class='ocrx_word' id='word_1_302' title='bbox 63 1947 117 1991; x_wconf 83' lang='lat' dir='ltr'>tent</span> <span class='ocrx_word' id='word_1_303' title='bbox 127 1943 182 1992; x_wconf 82' lang='lat' dir='ltr'>tlrnt</span> <span class='ocrx_word' id='word_1_304' title='bbox 193 1944 250 2006; x_wconf 75' lang='lat' dir='ltr'>they</span> <span class='ocrx_word' id='word_1_305' title='bbox 260 1958 313 2007; x_wconf 73' lang='lat' dir='ltr'>may</span> <span class='ocrx_word' id='word_1_306' title='bbox 324 1944 354 1993; x_wconf 83' lang='lat' dir='ltr'>de</span> <span class='ocrx_word' id='word_1_307' title='bbox 366 1957 409 1992; x_wconf 85' lang='lat' dir='ltr'>one</span> <span class='ocrx_word' id='word_1_308' title='bbox 419 1942 519 1992; x_wconf 79' lang='lat' dir='ltr'>unotlter</span> <span class='ocrx_word' id='word_1_309' title='bbox 526 1943 598 2004; x_wconf 78' lang='lat' dir='ltr'>good.</span> 
     </span>
    </p>
   </div>
   <div class='ocr_carea' id='block_1_5' title="bbox 380 2021 707 2088">
    <p class='ocr_par' dir='ltr' id='par_1_6' title="bbox 380 2021 707 2088">
     <span class='ocr_line' id='line_1_25' title="bbox 380 2021 707 2088; baseline 0 0"><span class='ocrx_word' id='word_1_310' title='bbox 380 2021 388 2055; x_wconf 76' lang='lat'><em>&#39;</em></span> <span class='ocrx_word' id='word_1_311' title='bbox 533 2039 673 2088; x_wconf 75' lang='lat' dir='ltr'>Aumonmo</span> <span class='ocrx_word' id='word_1_312' title='bbox 685 2039 707 2088; x_wconf 86' lang='lat'>1.</span> 
     </span>
    </p>
   </div>
   <div class='ocr_carea' id='block_1_6' title="bbox 63 2119 1168 2300">
    <p class='ocr_par' dir='ltr' id='par_1_7' title="bbox 63 2119 1168 2300">
     <span class='ocr_line' id='line_1_26' title="bbox 95 2119 1168 2186; baseline -0.002 -12"><span class='ocrx_word' id='word_1_313' title='bbox 95 2123 172 2174; x_wconf 74' lang='grc'><strong>,41166</strong></span> <span class='ocrx_word' id='word_1_314' title='bbox 188 2129 241 2171; x_wconf 88' lang='lat' dir='ltr'>tum</span> <span class='ocrx_word' id='word_1_315' title='bbox 255 2122 362 2178; x_wconf 82' lang='lat' dir='ltr'>iteretur,</span> <span class='ocrx_word' id='word_1_316' title='bbox 381 2137 437 2169; x_wconf 90' lang='lat' dir='ltr'>cum</span> <span class='ocrx_word' id='word_1_317' title='bbox 456 2119 486 2169; x_wconf 90' lang='lat' dir='ltr'>de</span> <span class='ocrx_word' id='word_1_318' title='bbox 496 2121 608 2186; x_wconf 82' lang='lat' dir='ltr'>pbrribus</span> <span class='ocrx_word' id='word_1_319' title='bbox 624 2130 662 2170; x_wconf 88' lang='lat' dir='ltr'>est</span> <span class='ocrx_word' id='word_1_320' title='bbox 673 2137 764 2182; x_wconf 88' lang='lat' dir='ltr'>sermo;</span> <span class='ocrx_word' id='word_1_321' title='bbox 784 2137 839 2171; x_wconf 86' lang='lat' dir='ltr'>nam</span> <span class='ocrx_word' id='word_1_322' title='bbox 854 2138 910 2171; x_wconf 93' lang='lat' dir='ltr'>cum</span> <span class='ocrx_word' id='word_1_323' title='bbox 920 2121 952 2170; x_wconf 91' lang='lat' dir='ltr'>de</span> <span class='ocrx_word' id='word_1_324' title='bbox 962 2121 1056 2172; x_wconf 87' lang='lat' dir='ltr'>duobus</span> <span class='ocrx_word' id='word_1_325' title='bbox 1068 2130 1168 2183; x_wconf 72' lang='lat' dir='ltr'>tanturm</span> 
     </span>
     <span class='ocr_line' id='line_1_27' title="bbox 63 2183 714 2300; baseline -0.005 -62"><span class='ocrx_word' id='word_1_326' title='bbox 63 2189 127 2238; x_wconf 69' lang='grc'><strong>61166</strong></span> <span class='ocrx_word' id='word_1_327' title='bbox 137 2189 249 2237; x_wconf 87' lang='lat' dir='ltr'>iteratur.</span> <span class='ocrx_word' id='word_1_328' title='bbox 281 2187 347 2250; x_wconf 84' lang='lat' dir='ltr'>Lege</span> <span class='ocrx_word' id='word_1_329' title='bbox 358 2186 438 2236; x_wconf 83' lang='lat' dir='ltr'>Alter.</span> <span class='ocrx_word' id='word_1_330' title='bbox 445 2183 467 2217; x_wconf 77' lang='lat'>¹⁸</span> <span class='ocrx_word' id='word_1_331' title='bbox 527 2251 668 2300; x_wconf 55' lang='lat' dir='ltr'>monitio</span> <span class='ocrx_word' id='word_1_332' title='bbox 678 2251 714 2300; x_wconf 62' lang='lat' dir='ltr'>IL</span> 
     </span>
    </p>
   </div>
   <div class='ocr_carea' id='block_1_7' title="bbox 62 2329 1172 2658">
    <p class='ocr_par' dir='ltr' id='par_1_8' title="bbox 62 2329 1172 2658">
     <span class='ocr_line' id='line_1_28' title="bbox 66 2329 1170 2400; baseline 0.001 -16"><span class='ocrx_word' id='word_1_333' title='bbox 66 2365 72 2376; x_wconf 87' lang='lat'><strong>·</strong></span> <span class='ocrx_word' id='word_1_334' title='bbox 95 2335 136 2384; x_wconf 83' lang='lat' dir='ltr'>Ex</span> <span class='ocrx_word' id='word_1_335' title='bbox 144 2334 201 2384; x_wconf 79' lang='lat' dir='ltr'>eliis</span> <span class='ocrx_word' id='word_1_336' title='bbox 214 2334 331 2399; x_wconf 83' lang='lat' dir='ltr'>exemplis</span> <span class='ocrx_word' id='word_1_337' title='bbox 341 2341 450 2400; x_wconf 87' lang='lat' dir='ltr'>apparet,</span> <span class='ocrx_word' id='word_1_338' title='bbox 462 2333 535 2383; x_wconf 81' lang='lat' dir='ltr'>elium</span> <span class='ocrx_word' id='word_1_339' title='bbox 546 2333 572 2381; x_wconf 92' lang='lat' dir='ltr'>in</span> <span class='ocrx_word' id='word_1_340' title='bbox 588 2329 703 2396; x_wconf 76' lang='lat' dir='ltr'>singulari</span> <span class='ocrx_word' id='word_1_341' title='bbox 713 2349 813 2383; x_wconf 87' lang='lat' dir='ltr'>numero</span> <span class='ocrx_word' id='word_1_342' title='bbox 824 2335 883 2398; x_wconf 90' lang='lat' dir='ltr'>poni</span> <span class='ocrx_word' id='word_1_343' title='bbox 898 2335 971 2384; x_wconf 86' lang='lat' dir='ltr'>etiam</span> <span class='ocrx_word' id='word_1_344' title='bbox 982 2344 1039 2399; x_wconf 88' lang='lat' dir='ltr'>post</span> <span class='ocrx_word' id='word_1_345' title='bbox 1058 2336 1170 2385; x_wconf 82' lang='lat' dir='ltr'>substen-</span> 
     </span>
     <span class='ocr_line' id='line_1_29' title="bbox 62 2399 1171 2464; baseline 0.003 -16"><span class='ocrx_word' id='word_1_346' title='bbox 62 2399 141 2448; x_wconf 74' lang='lat' dir='ltr'>tirum</span> <span class='ocrx_word' id='word_1_347' title='bbox 152 2400 252 2463; x_wconf 76' lang='lat' dir='ltr'>pluralis</span> <span class='ocrx_word' id='word_1_348' title='bbox 263 2401 365 2448; x_wconf 89' lang='lat' dir='ltr'>numeri.</span> <span class='ocrx_word' id='word_1_349' title='bbox 382 2400 452 2459; x_wconf 85' lang='lat' dir='ltr'>Idem</span> <span class='ocrx_word' id='word_1_350' title='bbox 461 2399 541 2448; x_wconf 87' lang='lat' dir='ltr'>elucet</span> <span class='ocrx_word' id='word_1_351' title='bbox 550 2399 623 2447; x_wconf 81' lang='lat' dir='ltr'>etism</span> <span class='ocrx_word' id='word_1_352' title='bbox 634 2414 666 2446; x_wconf 88' lang='lat' dir='ltr'>ex</span> <span class='ocrx_word' id='word_1_353' title='bbox 677 2399 753 2458; x_wconf 86' lang='lat' dir='ltr'>hisce,</span> <span class='ocrx_word' id='word_1_354' title='bbox 765 2416 818 2464; x_wconf 82' lang='lat' dir='ltr'>quae</span> <span class='ocrx_word' id='word_1_355' title='bbox 825 2400 940 2464; x_wconf 85' lang='lat' dir='ltr'>deinceps</span> <span class='ocrx_word' id='word_1_356' title='bbox 947 2415 1044 2464; x_wconf 86' lang='lat' dir='ltr'>ponam.</span> <span class='ocrx_word' id='word_1_357' title='bbox 1062 2403 1113 2451; x_wconf 82' lang='lat' dir='ltr'>Cic.</span> <span class='ocrx_word' id='word_1_358' title='bbox 1122 2403 1139 2450; x_wconf 90' lang='lat'>1.</span> <span class='ocrx_word' id='word_1_359' title='bbox 1146 2406 1171 2452; x_wconf 76' lang='lat'>8.</span> 
     </span>
     <span class='ocr_line' id='line_1_30' title="bbox 63 2463 1172 2529; baseline 0.001 -15"><span class='ocrx_word' id='word_1_360' title='bbox 63 2467 94 2519; x_wconf 73' lang='lat' dir='ltr'>&#39;de</span> <span class='ocrx_word' id='word_1_361' title='bbox 170 2495 177 2514; x_wconf 94' lang='grc'>.</span> <span class='ocrx_word' id='word_1_362' title='bbox 188 2481 210 2516; x_wconf 89' lang='lat' dir='ltr'>c.</span> <span class='ocrx_word' id='word_1_363' title='bbox 221 2469 262 2513; x_wconf 88' lang='grc'><strong>20.</strong></span> <span class='ocrx_word' id='word_1_364' title='bbox 275 2463 364 2512; x_wconf 84' lang='lat' dir='ltr'>Caeteri</span> <span class='ocrx_word' id='word_1_365' title='bbox 374 2465 437 2514; x_wconf 85' lang='lat' dir='ltr'>alius</span> <span class='ocrx_word' id='word_1_366' title='bbox 448 2463 494 2511; x_wconf 79' lang='lat' dir='ltr'>alio</span> <span class='ocrx_word' id='word_1_367' title='bbox 506 2464 648 2529; x_wconf 78' lang='lat' dir='ltr'>(obierunt).</span> <span class='ocrx_word' id='word_1_368' title='bbox 665 2465 750 2513; x_wconf 78' lang='lat' dir='ltr'>Plcut.</span> <span class='ocrx_word' id='word_1_369' title='bbox 762 2467 858 2514; x_wconf 76' lang='lat' dir='ltr'>Curcul-</span> <span class='ocrx_word' id='word_1_370' title='bbox 869 2468 893 2515; x_wconf 79' lang='lat'>8·</span> <span class='ocrx_word' id='word_1_371' title='bbox 909 2465 997 2514; x_wconf 73' lang='lat' dir='ltr'>Liuius</span> <span class='ocrx_word' id='word_1_372' title='bbox 1005 2466 1022 2513; x_wconf 88' lang='lat'>1.</span> <span class='ocrx_word' id='word_1_373' title='bbox 1034 2470 1058 2514; x_wconf 93' lang='grc'>1.</span> <span class='ocrx_word' id='word_1_374' title='bbox 1069 2483 1091 2515; x_wconf 88' lang='grc'>6.</span> <span class='ocrx_word' id='word_1_375' title='bbox 1101 2469 1131 2514; x_wconf 90' lang='grc'>21</span> <span class='ocrx_word' id='word_1_376' title='bbox 1144 2474 1172 2516; x_wconf 86' lang='lat' dir='ltr'>et</span> 
     </span>
     <span class='ocr_line' id='line_1_31' title="bbox 63 2530 1171 2595; baseline 0.004 -17"><span class='ocrx_word' id='word_1_377' title='bbox 63 2533 104 2579; x_wconf 89' lang='grc'>26.</span> <span class='ocrx_word' id='word_1_378' title='bbox 127 2563 135 2577; x_wconf 95' lang='grc'>.</span> <span class='ocrx_word' id='word_1_379' title='bbox 146 2535 171 2579; x_wconf 89' lang='grc'>4.</span> <span class='ocrx_word' id='word_1_380' title='bbox 182 2546 205 2578; x_wconf 87' lang='grc'>6.</span> <span class='ocrx_word' id='word_1_381' title='bbox 216 2533 257 2578; x_wconf 75' lang='grc'>36.</span> <span class='ocrx_word' id='word_1_382' title='bbox 267 2531 369 2580; x_wconf 74' lang='lat' dir='ltr'>Sederat.</span> <span class='ocrx_word' id='word_1_383' title='bbox 377 2530 497 2591; x_wconf 67' lang='lat' dir='ltr'>auguret.</span> <span class='ocrx_word' id='word_1_384' title='bbox 509 2545 530 2576; x_wconf 91' lang='lat' dir='ltr'>c.</span> <span class='ocrx_word' id='word_1_385' title='bbox 542 2532 583 2577; x_wconf 78' lang='grc'>62.</span> <span class='ocrx_word' id='word_1_386' title='bbox 593 2537 655 2585; x_wconf 85' lang='lat' dir='ltr'>extr.</span> <span class='ocrx_word' id='word_1_387' title='bbox 668 2538 694 2578; x_wconf 88' lang='lat' dir='ltr'>et</span> <span class='ocrx_word' id='word_1_388' title='bbox 705 2533 760 2578; x_wconf 87' lang='grc'><strong>101.</strong></span> <span class='ocrx_word' id='word_1_389' title='bbox 782 2531 833 2578; x_wconf 83' lang='lat' dir='ltr'>Cic.</span> <span class='ocrx_word' id='word_1_390' title='bbox 844 2531 862 2579; x_wconf 93' lang='grc'>1.</span> <span class='ocrx_word' id='word_1_391' title='bbox 873 2533 897 2579; x_wconf 84' lang='grc'>7.</span> <span class='ocrx_word' id='word_1_392' title='bbox 908 2531 977 2580; x_wconf 86' lang='lat' dir='ltr'>Fam.</span> <span class='ocrx_word' id='word_1_393' title='bbox 987 2546 1023 2595; x_wconf 85' lang='lat' dir='ltr'>ep.</span> <span class='ocrx_word' id='word_1_394' title='bbox 1034 2534 1074 2582; x_wconf 86' lang='grc'>24.</span> <span class='ocrx_word' id='word_1_395' title='bbox 1086 2531 1171 2582; x_wconf 79' lang='lat' dir='ltr'>liabeo</span> 
     </span>
     <span class='ocr_line' id='line_1_32' title="bbox 64 2594 1090 2658; baseline -0.004 -14"><span class='ocrx_word' id='word_1_396' title='bbox 64 2594 155 2644; x_wconf 86' lang='lat' dir='ltr'>Sardoa</span> <span class='ocrx_word' id='word_1_397' title='bbox 168 2596 274 2652; x_wconf 84' lang='lat' dir='ltr'>venales,</span> <span class='ocrx_word' id='word_1_398' title='bbox 286 2595 360 2645; x_wconf 87' lang='lat' dir='ltr'>alium</span> <span class='ocrx_word' id='word_1_399' title='bbox 371 2594 577 2658; x_wconf 83' lang='lat' dir='ltr'>uliouequiorem.</span> <span class='ocrx_word' id='word_1_400' title='bbox 1087 2603 1090 2607; x_wconf 84' lang='lat'>·</span> 
     </span>
    </p>
   </div>
   <div class='ocr_carea' id='block_1_8' title="bbox 497 2691 733 2744">
    <p class='ocr_par' dir='ltr' id='par_1_9' title="bbox 497 2691 733 2744">
     <span class='ocr_line' id='line_1_33' title="bbox 497 2691 733 2744; baseline 0.008 -3"><span class='ocrx_word' id='word_1_401' title='bbox 497 2695 538 2742; x_wconf 91' lang='grc'>26.</span> <span class='ocrx_word' id='word_1_402' title='bbox 547 2691 624 2743; x_wconf 73' lang='lat' dir='ltr'>Aliud</span> <span class='ocrx_word' id='word_1_403' title='bbox 635 2707 666 2742; x_wconf 79' lang='lat' dir='ltr'>etc</span> <span class='ocrx_word' id='word_1_404' title='bbox 677 2693 733 2744; x_wconf 83' lang='lat' dir='ltr'>ulio.</span> 
     </span>
    </p>
   </div>
   <div class='ocr_carea' id='block_1_9' title="bbox 62 2768 1172 3166">
    <p class='ocr_par' dir='ltr' id='par_1_10' title="bbox 62 2768 1172 2971">
     <span class='ocr_line' id='line_1_34' title="bbox 65 2768 1172 2839; baseline -0.002 -13"><span class='ocrx_word' id='word_1_405' title='bbox 65 2768 68 2774; x_wconf 76' lang='grc'><strong>’</strong></span> <span class='ocrx_word' id='word_1_406' title='bbox 96 2775 176 2826; x_wconf 67' lang='lat' dir='ltr'>Aliud</span> <span class='ocrx_word' id='word_1_407' title='bbox 190 2791 222 2826; x_wconf 79' lang='lat' dir='ltr'>ee</span> <span class='ocrx_word' id='word_1_408' title='bbox 239 2775 287 2826; x_wconf 86' lang='lat' dir='ltr'>clio</span> <span class='ocrx_word' id='word_1_409' title='bbox 305 2775 430 2838; x_wconf 75' lang='lat' dir='ltr'>eleganter</span> <span class='ocrx_word' id='word_1_410' title='bbox 445 2773 1060 2837; x_wconf 69' lang='grc'><strong>(116116666666666666661166.01619166.</strong></span> <span class='ocrx_word' id='word_1_411' title='bbox 1077 2792 1113 2839; x_wconf 89' lang='lat' dir='ltr'>ep.</span> <span class='ocrx_word' id='word_1_412' title='bbox 1131 2781 1172 2826; x_wconf 89' lang='grc'>19.</span> 
     </span>
     <span class='ocr_line' id='line_1_35' title="bbox 62 2839 1171 2904; baseline -0.001 -14"><span class='ocrx_word' id='word_1_413' title='bbox 62 2840 140 2890; x_wconf 82' lang='lat' dir='ltr'>Aliud</span> <span class='ocrx_word' id='word_1_414' title='bbox 146 2855 179 2890; x_wconf 87' lang='lat' dir='ltr'>ex</span> <span class='ocrx_word' id='word_1_415' title='bbox 190 2841 237 2889; x_wconf 89' lang='lat' dir='ltr'>alio</span> <span class='ocrx_word' id='word_1_416' title='bbox 248 2856 287 2889; x_wconf 90' lang='lat' dir='ltr'>me</span> <span class='ocrx_word' id='word_1_417' title='bbox 294 2839 402 2903; x_wconf 88' lang='lat' dir='ltr'>quotidie</span> <span class='ocrx_word' id='word_1_418' title='bbox 411 2840 523 2903; x_wconf 86' lang='lat' dir='ltr'>impedit.</span> <span class='ocrx_word' id='word_1_419' title='bbox 543 2840 582 2888; x_wconf 87' lang='lat' dir='ltr'>Id.</span> <span class='ocrx_word' id='word_1_420' title='bbox 593 2839 611 2885; x_wconf 96' lang='lat' dir='ltr'>l.</span> <span class='ocrx_word' id='word_1_421' title='bbox 620 2844 646 2888; x_wconf 88' lang='grc'>9.</span> <span class='ocrx_word' id='word_1_422' title='bbox 663 2841 719 2888; x_wconf 81' lang='lat' dir='ltr'>Art.</span> <span class='ocrx_word' id='word_1_423' title='bbox 729 2855 766 2902; x_wconf 83' lang='lat' dir='ltr'>cp.</span> <span class='ocrx_word' id='word_1_424' title='bbox 778 2842 818 2886; x_wconf 92' lang='grc'>12.</span> <span class='ocrx_word' id='word_1_425' title='bbox 840 2840 968 2904; x_wconf 88' lang='lat' dir='ltr'>Pompeius</span> <span class='ocrx_word' id='word_1_426' title='bbox 978 2855 1102 2903; x_wconf 86' lang='lat' dir='ltr'>nunquam</span> <span class='ocrx_word' id='word_1_427' title='bbox 1110 2840 1171 2889; x_wconf 89' lang='lat' dir='ltr'>milri</span> 
     </span>
     <span class='ocr_line' id='line_1_36' title="bbox 65 2903 841 2971; baseline -0.006 -16"><span class='ocrx_word' id='word_1_428' title='bbox 65 2914 154 2971; x_wconf 85' lang='lat' dir='ltr'>postes</span> <span class='ocrx_word' id='word_1_429' title='bbox 163 2905 263 2970; x_wconf 84' lang='lat' dir='ltr'>placuit,</span> <span class='ocrx_word' id='word_1_430' title='bbox 274 2920 320 2954; x_wconf 88' lang='lat' dir='ltr'>nec</span> <span class='ocrx_word' id='word_1_431' title='bbox 331 2919 438 2968; x_wconf 75' lang='lat' dir='ltr'>imqusm</span> <span class='ocrx_word' id='word_1_432' title='bbox 448 2904 516 2952; x_wconf 82' lang='lat' dir='ltr'>aliud</span> <span class='ocrx_word' id='word_1_433' title='bbox 526 2918 558 2951; x_wconf 83' lang='lat' dir='ltr'>ex</span> <span class='ocrx_word' id='word_1_434' title='bbox 569 2903 617 2951; x_wconf 86' lang='lat' dir='ltr'>elio</span> <span class='ocrx_word' id='word_1_435' title='bbox 627 2919 728 2966; x_wconf 84' lang='lat' dir='ltr'>peccare</span> <span class='ocrx_word' id='word_1_436' title='bbox 739 2903 841 2951; x_wconf 83' lang='lat' dir='ltr'>destitit.</span> 
     </span>
    </p>

    <p class='ocr_par' dir='ltr' id='par_1_11' title="bbox 64 2967 1171 3166">
     <span class='ocr_line' id='line_1_37' title="bbox 98 2967 1171 3034; baseline -0.002 -14"><span class='ocrx_word' id='word_1_437' title='bbox 98 2971 227 3030; x_wconf 84' lang='lat' dir='ltr'>Interdum</span> <span class='ocrx_word' id='word_1_438' title='bbox 247 2971 335 3020; x_wconf 86' lang='lat' dir='ltr'>seriem</span> <span class='ocrx_word' id='word_1_439' title='bbox 350 2986 429 3018; x_wconf 90' lang='lat' dir='ltr'>rerum</span> <span class='ocrx_word' id='word_1_440' title='bbox 445 2983 607 3018; x_wconf 87' lang='lat' dir='ltr'>connexarum</span> <span class='ocrx_word' id='word_1_441' title='bbox 625 2967 752 3031; x_wconf 83' lang='lat' dir='ltr'>significat.</span> <span class='ocrx_word' id='word_1_442' title='bbox 770 2968 822 3017; x_wconf 85' lang='lat' dir='ltr'>Cic.</span> <span class='ocrx_word' id='word_1_443' title='bbox 834 2969 852 3016; x_wconf 90' lang='lat'>1.</span> <span class='ocrx_word' id='word_1_444' title='bbox 863 2973 903 3017; x_wconf 92' lang='grc'>16.</span> <span class='ocrx_word' id='word_1_445' title='bbox 913 2969 968 3020; x_wconf 77' lang='lat' dir='ltr'>Ate.</span> <span class='ocrx_word' id='word_1_446' title='bbox 979 2985 1014 3034; x_wconf 79' lang='lat' dir='ltr'>ep.</span> <span class='ocrx_word' id='word_1_447' title='bbox 1027 2974 1067 3021; x_wconf 88' lang='grc'>14.</span> <span class='ocrx_word' id='word_1_448' title='bbox 1078 2971 1127 3021; x_wconf 87' lang='lat' dir='ltr'>Sed</span> <span class='ocrx_word' id='word_1_449' title='bbox 1139 2978 1171 3019; x_wconf 86' lang='lat' dir='ltr'>ut</span> 
     </span>
     <span class='ocr_line' id='line_1_38' title="bbox 65 3031 1170 3101; baseline -0.001 -16"><span class='ocrx_word' id='word_1_450' title='bbox 65 3033 134 3085; x_wconf 77' lang='lat' dir='ltr'>eliud</span> <span class='ocrx_word' id='word_1_451' title='bbox 150 3050 183 3085; x_wconf 84' lang='lat' dir='ltr'>ex</span> <span class='ocrx_word' id='word_1_452' title='bbox 198 3035 255 3101; x_wconf 84' lang='lat' dir='ltr'>alio,</span> <span class='ocrx_word' id='word_1_453' title='bbox 266 3035 325 3098; x_wconf 85' lang='lat' dir='ltr'>mibi</span> <span class='ocrx_word' id='word_1_454' title='bbox 336 3050 384 3085; x_wconf 88' lang='lat' dir='ltr'>non</span> <span class='ocrx_word' id='word_1_455' title='bbox 395 3041 434 3083; x_wconf 90' lang='lat' dir='ltr'>est</span> <span class='ocrx_word' id='word_1_456' title='bbox 451 3033 558 3089; x_wconf 88' lang='lat' dir='ltr'>dubium,</span> <span class='ocrx_word' id='word_1_457' title='bbox 572 3033 630 3096; x_wconf 88' lang='lat' dir='ltr'>quin</span> <span class='ocrx_word' id='word_1_458' title='bbox 646 3033 711 3095; x_wconf 90' lang='lat' dir='ltr'>quod</span> <span class='ocrx_word' id='word_1_459' title='bbox 722 3031 802 3082; x_wconf 85' lang='lat' dir='ltr'>Graeci</span> <span class='ocrx_word' id='word_1_460' title='bbox 819 3036 929 3093; x_wconf 75' lang='grc' dir='ltr'><strong><em>καθῆκον,</em></strong></span> <span class='ocrx_word' id='word_1_461' title='bbox 949 3050 994 3084; x_wconf 84' lang='lat' dir='ltr'>nos</span> <span class='ocrx_word' id='word_1_462' title='bbox 1010 3036 1170 3101; x_wconf 71' lang='grc'><strong>6111616666-</strong></span> 
     </span>
     <span class='ocr_line' id='line_1_39' title="bbox 64 3098 840 3166; baseline 0.001 -17"><span class='ocrx_word' id='word_1_463' title='bbox 64 3102 193 3166; x_wconf 85' lang='lat' dir='ltr'>pellemus.</span> <span class='ocrx_word' id='word_1_464' title='bbox 211 3100 226 3130; x_wconf 70' lang='lat'>&#39;</span> <span class='ocrx_word' id='word_1_465' title='bbox 238 3099 305 3148; x_wconf 78' lang='lat' dir='ltr'>nde.</span> <span class='ocrx_word' id='word_1_466' title='bbox 317 3101 356 3149; x_wconf 84' lang='lat' dir='ltr'>Id.</span> <span class='ocrx_word' id='word_1_467' title='bbox 368 3103 397 3150; x_wconf 81' lang='lat' dir='ltr'>de</span> <span class='ocrx_word' id='word_1_468' title='bbox 408 3099 488 3150; x_wconf 80' lang='lat' dir='ltr'>Amic.</span> <span class='ocrx_word' id='word_1_469' title='bbox 500 3116 522 3148; x_wconf 91' lang='lat' dir='ltr'>c.</span> <span class='ocrx_word' id='word_1_470' title='bbox 533 3101 574 3148; x_wconf 90' lang='grc'>27.</span> <span class='ocrx_word' id='word_1_471' title='bbox 585 3106 611 3146; x_wconf 86' lang='lat' dir='ltr'>et</span> <span class='ocrx_word' id='word_1_472' title='bbox 621 3098 639 3145; x_wconf 87' lang='lat'>1.</span> <span class='ocrx_word' id='word_1_473' title='bbox 649 3106 673 3148; x_wconf 97' lang='grc'>6.</span> <span class='ocrx_word' id='word_1_474' title='bbox 686 3098 755 3147; x_wconf 83' lang='lat' dir='ltr'>Tmo.</span> <span class='ocrx_word' id='word_1_475' title='bbox 766 3115 788 3147; x_wconf 91' lang='lat' dir='ltr'>c.</span> <span class='ocrx_word' id='word_1_476' title='bbox 798 3101 840 3150; x_wconf 89' lang='grc'>26.</span> 
     </span>
    </p>
   </div>
   <div class='ocr_carea' id='block_1_10' title="bbox 384 3197 859 3262">
    <p class='ocr_par' dir='ltr' id='par_1_12' title="bbox 384 3197 859 3262">
     <span class='ocr_line' id='line_1_40' title="bbox 384 3197 859 3262; baseline 0 -16"><span class='ocrx_word' id='word_1_477' title='bbox 384 3197 400 3228; x_wconf 68' lang='lat'>⁸</span> <span class='ocrx_word' id='word_1_478' title='bbox 414 3201 445 3247; x_wconf 89' lang='grc'><strong>27</strong></span> <span class='ocrx_word' id='word_1_479' title='bbox 448 3232 455 3247; x_wconf 94' lang='grc'>.</span> <span class='ocrx_word' id='word_1_480' title='bbox 466 3216 489 3246; x_wconf 82' lang='grc'>6.</span> <span class='ocrx_word' id='word_1_481' title='bbox 501 3198 573 3249; x_wconf 80' lang='lat' dir='ltr'>Alius</span> <span class='ocrx_word' id='word_1_482' title='bbox 581 3212 651 3261; x_wconf 81' lang='lat' dir='ltr'>saper</span> <span class='ocrx_word' id='word_1_483' title='bbox 660 3197 743 3255; x_wconf 82' lang='grc'><strong>61166,</strong></span> <span class='ocrx_word' id='word_1_484' title='bbox 754 3197 859 3262; x_wconf 90' lang='lat' dir='ltr'>proprie.</span> 
     </span>
    </p>
   </div>
   <div class='ocr_carea' id='block_1_11' title="bbox 63 3272 1179 3411">
    <p class='ocr_par' dir='ltr' id='par_1_13' title="bbox 63 3272 1179 3411">
     <span class='ocr_line' id='line_1_41' title="bbox 65 3272 1179 3345; baseline -0.001 -14"><span class='ocrx_word' id='word_1_485' title='bbox 65 3320 70 3331; x_wconf 83' lang='lat'>.</span> <span class='ocrx_word' id='word_1_486' title='bbox 98 3278 140 3328; x_wconf 88' lang='lat' dir='ltr'>Sic</span> <span class='ocrx_word' id='word_1_487' title='bbox 150 3279 226 3328; x_wconf 87' lang='lat' dir='ltr'>etiam</span> <span class='ocrx_word' id='word_1_488' title='bbox 235 3278 338 3329; x_wconf 84' lang='lat' dir='ltr'>dicimus</span> <span class='ocrx_word' id='word_1_489' title='bbox 348 3279 410 3330; x_wconf 82' lang='lat' dir='ltr'>ulier</span> <span class='ocrx_word' id='word_1_490' title='bbox 420 3295 490 3344; x_wconf 83' lang='lat' dir='ltr'>cuper</span> <span class='ocrx_word' id='word_1_491' title='bbox 500 3281 582 3329; x_wconf 84' lang='lat' dir='ltr'>ulium.</span> <span class='ocrx_word' id='word_1_492' title='bbox 598 3279 707 3328; x_wconf 81' lang='lat' dir='ltr'>Lioiml.</span> <span class='ocrx_word' id='word_1_493' title='bbox 716 3282 739 3328; x_wconf 92' lang='grc'>1.</span> <span class='ocrx_word' id='word_1_494' title='bbox 747 3295 769 3329; x_wconf 88' lang='lat' dir='ltr'>c.</span> <span class='ocrx_word' id='word_1_495' title='bbox 780 3282 821 3328; x_wconf 91' lang='grc'>26.</span> <span class='ocrx_word' id='word_1_496' title='bbox 833 3281 890 3328; x_wconf 87' lang='lat' dir='ltr'>Duo</span> <span class='ocrx_word' id='word_1_497' title='bbox 901 3279 1005 3331; x_wconf 78' lang='lat' dir='ltr'>Romani</span> <span class='ocrx_word' id='word_1_498' title='bbox 1016 3297 1088 3345; x_wconf 87' lang='lat' dir='ltr'>super</span> <span class='ocrx_word' id='word_1_499' title='bbox 1098 3272 1179 3331; x_wconf 69' lang='lat' dir='ltr'>aliumv</span> 
     </span>
     <span class='ocr_line' id='line_1_42' title="bbox 63 3344 1079 3411; baseline 0.004 -17"><span class='ocrx_word' id='word_1_500' title='bbox 63 3344 128 3398; x_wconf 82' lang='lat' dir='ltr'>alius</span> <span class='ocrx_word' id='word_1_501' title='bbox 139 3345 290 3411; x_wconf 79' lang='lat' dir='ltr'>exspirantes</span> <span class='ocrx_word' id='word_1_502' title='bbox 300 3353 450 3394; x_wconf 86' lang='lat' dir='ltr'>corruerunt.</span> <span class='ocrx_word' id='word_1_503' title='bbox 467 3345 536 3394; x_wconf 82' lang='grc'><strong>161.</strong></span> <span class='ocrx_word' id='word_1_504' title='bbox 548 3349 573 3394; x_wconf 90' lang='grc'>7.</span> <span class='ocrx_word' id='word_1_505' title='bbox 583 3360 605 3393; x_wconf 89' lang='lat' dir='ltr'>c.</span> <span class='ocrx_word' id='word_1_506' title='bbox 617 3347 658 3392; x_wconf 84' lang='grc'>29.</span> <span class='ocrx_word' id='word_1_507' title='bbox 669 3345 721 3393; x_wconf 89' lang='lat' dir='ltr'>etl.</span> <span class='ocrx_word' id='word_1_508' title='bbox 733 3347 775 3393; x_wconf 90' lang='grc'>22.</span> <span class='ocrx_word' id='word_1_509' title='bbox 785 3361 808 3394; x_wconf 88' lang='grc'>6.</span> <span class='ocrx_word' id='word_1_510' title='bbox 819 3350 844 3396; x_wconf 94' lang='grc'>6.</span> <span class='ocrx_word' id='word_1_511' title='bbox 857 3347 949 3397; x_wconf 81' lang='lat' dir='ltr'>Colum.</span> <span class='ocrx_word' id='word_1_512' title='bbox 959 3348 976 3398; x_wconf 89' lang='lat' dir='ltr'>l.</span> <span class='ocrx_word' id='word_1_513' title='bbox 989 3351 1013 3396; x_wconf 87' lang='grc'>7.</span> <span class='ocrx_word' id='word_1_514' title='bbox 1024 3364 1045 3397; x_wconf 92' lang='grc'>6.</span> <span class='ocrx_word' id='word_1_515' title='bbox 1056 3351 1079 3398; x_wconf 89' lang='grc'>9.</span> 
     </span>
    </p>
   </div>
   <div class='ocr_carea' id='block_1_12' title="bbox 64 3440 1171 3592">
    <p class='ocr_par' dir='ltr' id='par_1_14' title="bbox 64 3440 1171 3592">
     <span class='ocr_line' id='line_1_43' title="bbox 405 3440 850 3507; baseline 0.002 -16"><span class='ocrx_word' id='word_1_516' title='bbox 405 3446 431 3499; x_wconf 81' lang='grc' dir='ltr'>β.</span> <span class='ocrx_word' id='word_1_517' title='bbox 440 3440 513 3492; x_wconf 75' lang='lat' dir='ltr'>Alius</span> <span class='ocrx_word' id='word_1_518' title='bbox 523 3457 593 3507; x_wconf 83' lang='lat' dir='ltr'>super</span> <span class='ocrx_word' id='word_1_519' title='bbox 603 3443 686 3501; x_wconf 80' lang='lat' dir='ltr'>ulium,</span> <span class='ocrx_word' id='word_1_520' title='bbox 697 3442 850 3493; x_wconf 81' lang='lat' dir='ltr'>nanslste.¹⁹</span> 
     </span>
     <span class='ocr_line' id='line_1_44' title="bbox 64 3523 1171 3592; baseline -0.002 -15"><span class='ocrx_word' id='word_1_521' title='bbox 64 3547 70 3567; x_wconf 91' lang='grc'>-·</span> <span class='ocrx_word' id='word_1_522' title='bbox 95 3524 171 3576; x_wconf 71' lang='lat' dir='ltr'>Aren</span> <span class='ocrx_word' id='word_1_523' title='bbox 181 3539 252 3592; x_wconf 73' lang='lat' dir='ltr'>mepte</span> <span class='ocrx_word' id='word_1_524' title='bbox 261 3525 337 3577; x_wconf 73' lang='grc'><strong>611666</strong></span> <span class='ocrx_word' id='word_1_525' title='bbox 346 3523 540 3575; x_wconf 70' lang='lat' dir='ltr'>accommodatio</span> <span class='ocrx_word' id='word_1_526' title='bbox 555 3523 628 3572; x_wconf 87' lang='lat' dir='ltr'>etiam</span> <span class='ocrx_word' id='word_1_527' title='bbox 638 3525 719 3573; x_wconf 88' lang='lat' dir='ltr'>adres</span> <span class='ocrx_word' id='word_1_528' title='bbox 730 3525 800 3574; x_wconf 80' lang='grc'><strong>61166.</strong></span> <span class='ocrx_word' id='word_1_529' title='bbox 833 3524 865 3555; x_wconf 69' lang='lat'>⁸*</span> <span class='ocrx_word' id='word_1_530' title='bbox 873 3526 970 3577; x_wconf 75' lang='lat' dir='ltr'>Plinius</span> <span class='ocrx_word' id='word_1_531' title='bbox 980 3527 998 3576; x_wconf 91' lang='lat'>1.</span> <span class='ocrx_word' id='word_1_532' title='bbox 1009 3531 1033 3576; x_wconf 85' lang='grc'>7.</span> <span class='ocrx_word' id='word_1_533' title='bbox 1043 3543 1080 3592; x_wconf 81' lang='lat' dir='ltr'>ep.</span> <span class='ocrx_word' id='word_1_534' title='bbox 1093 3530 1117 3576; x_wconf 91' lang='lat'>8.</span> <span class='ocrx_word' id='word_1_535' title='bbox 1128 3526 1171 3575; x_wconf 83' lang='lat' dir='ltr'>Sa-</span> 
     </span>
    </p>
   </div>
   <div class='ocr_carea' id='block_1_13' title="bbox 41 3716 1182 4308">
    <p class='ocr_par' dir='ltr' id='par_1_15' title="bbox 41 3716 1182 4308">
     <span class='ocr_line' id='line_1_45' title="bbox 99 3716 1172 3782; baseline 0.002 -17"><span class='ocrx_word' id='word_1_536' title='bbox 99 3718 121 3752; x_wconf 82' lang='lat'>¹⁷</span> <span class='ocrx_word' id='word_1_537' title='bbox 133 3717 189 3766; x_wconf 85' lang='lat' dir='ltr'>Hoc</span> <span class='ocrx_word' id='word_1_538' title='bbox 199 3732 258 3766; x_wconf 88' lang='lat' dir='ltr'>suus</span> <span class='ocrx_word' id='word_1_539' title='bbox 268 3732 388 3781; x_wconf 87' lang='lat' dir='ltr'>quemque</span> <span class='ocrx_word' id='word_1_540' title='bbox 401 3733 458 3766; x_wconf 86' lang='lat' dir='ltr'>usus</span> <span class='ocrx_word' id='word_1_541' title='bbox 469 3717 549 3766; x_wconf 86' lang='lat' dir='ltr'>docet.</span> <span class='ocrx_word' id='word_1_542' title='bbox 568 3717 642 3766; x_wconf 81' lang='lat' dir='ltr'>Retio</span> <span class='ocrx_word' id='word_1_543' title='bbox 653 3734 707 3766; x_wconf 88' lang='lat' dir='ltr'>esse</span> <span class='ocrx_word' id='word_1_544' title='bbox 717 3716 814 3766; x_wconf 87' lang='lat' dir='ltr'>videtur</span> <span class='ocrx_word' id='word_1_545' title='bbox 824 3731 862 3775; x_wconf 83' lang='lat' dir='ltr'>es,</span> <span class='ocrx_word' id='word_1_546' title='bbox 873 3717 939 3782; x_wconf 92' lang='lat' dir='ltr'>quod</span> <span class='ocrx_word' id='word_1_547' title='bbox 948 3733 1096 3782; x_wconf 79' lang='lat' dir='ltr'>supervacua</span> <span class='ocrx_word' id='word_1_548' title='bbox 1106 3718 1172 3768; x_wconf 86' lang='lat' dir='ltr'>devi-</span> 
     </span>
     <span class='ocr_line' id='line_1_46' title="bbox 63 3781 1174 3847; baseline 0.001 -16"><span class='ocrx_word' id='word_1_549' title='bbox 63 3789 120 3832; x_wconf 83' lang='lat' dir='ltr'>tant</span> <span class='ocrx_word' id='word_1_550' title='bbox 129 3782 260 3845; x_wconf 81' lang='lat' dir='ltr'>diligentes</span> <span class='ocrx_word' id='word_1_551' title='bbox 268 3783 404 3845; x_wconf 80' lang='lat' dir='ltr'>scriptores.</span> <span class='ocrx_word' id='word_1_552' title='bbox 415 3781 488 3832; x_wconf 79' lang='lat' dir='ltr'>Alica</span> <span class='ocrx_word' id='word_1_553' title='bbox 498 3785 564 3831; x_wconf 87' lang='lat' dir='ltr'>enim</span> <span class='ocrx_word' id='word_1_554' title='bbox 574 3783 722 3846; x_wconf 75' lang='lat' dir='ltr'>geminatum</span> <span class='ocrx_word' id='word_1_555' title='bbox 732 3781 897 3831; x_wconf 86' lang='lat' dir='ltr'>diversitatem</span> <span class='ocrx_word' id='word_1_556' title='bbox 909 3783 960 3847; x_wconf 82' lang='lat' dir='ltr'>jem</span> <span class='ocrx_word' id='word_1_557' title='bbox 975 3798 1019 3846; x_wconf 89' lang='lat' dir='ltr'>per</span> <span class='ocrx_word' id='word_1_558' title='bbox 1030 3798 1055 3830; x_wconf 88' lang='lat' dir='ltr'>se</span> <span class='ocrx_word' id='word_1_559' title='bbox 1066 3784 1124 3831; x_wconf 88' lang='lat' dir='ltr'>satis</span> <span class='ocrx_word' id='word_1_560' title='bbox 1135 3784 1174 3832; x_wconf 91' lang='lat' dir='ltr'>in-</span> 
     </span>
     <span class='ocr_line' id='line_1_47' title="bbox 41 3836 1173 3913; baseline 0.001 -17"><span class='ocrx_word' id='word_1_561' title='bbox 41 3836 47 3855; x_wconf 82' lang='lat'><strong><em>‘</em></strong></span> <span class='ocrx_word' id='word_1_562' title='bbox 65 3847 142 3897; x_wconf 83' lang='lat' dir='ltr'>dicat.</span> <span class='ocrx_word' id='word_1_563' title='bbox 174 3844 236 3895; x_wconf 79' lang='lat' dir='ltr'>Haec</span> <span class='ocrx_word' id='word_1_564' title='bbox 247 3847 386 3896; x_wconf 81' lang='lat' dir='ltr'>Fectiolnto</span> <span class='ocrx_word' id='word_1_565' title='bbox 397 3846 540 3895; x_wconf 84' lang='lat' dir='ltr'>scribuntur.</span> <span class='ocrx_word' id='word_1_566' title='bbox 561 3847 622 3913; x_wconf 88' lang='lat' dir='ltr'>(Sed</span> <span class='ocrx_word' id='word_1_567' title='bbox 634 3848 665 3903; x_wconf 89' lang='lat' dir='ltr'>si,</span> <span class='ocrx_word' id='word_1_568' title='bbox 683 3855 711 3895; x_wconf 93' lang='lat' dir='ltr'>ut</span> <span class='ocrx_word' id='word_1_569' title='bbox 721 3846 828 3911; x_wconf 86' lang='lat' dir='ltr'>quidque</span> <span class='ocrx_word' id='word_1_570' title='bbox 837 3850 937 3896; x_wconf 85' lang='lat' dir='ltr'>verbum</span> <span class='ocrx_word' id='word_1_571' title='bbox 947 3863 995 3895; x_wconf 90' lang='lat' dir='ltr'>non</span> <span class='ocrx_word' id='word_1_572' title='bbox 1011 3849 1173 3899; x_wconf 75' lang='lat' dir='ltr'>necessarium</span> 
     </span>
     <span class='ocr_line' id='line_1_48' title="bbox 64 3910 1174 3976; baseline 0.005 -16"><span class='ocrx_word' id='word_1_573' title='bbox 64 3918 105 3960; x_wconf 82' lang='lat' dir='ltr'>est</span> <span class='ocrx_word' id='word_1_574' title='bbox 115 3910 148 3959; x_wconf 89' lang='lat' dir='ltr'>ad</span> <span class='ocrx_word' id='word_1_575' title='bbox 157 3911 343 3974; x_wconf 83' lang='lat' dir='ltr'>intelligendam</span> <span class='ocrx_word' id='word_1_576' title='bbox 362 3912 517 3968; x_wconf 81' lang='lat' dir='ltr'>sententiam,</span> <span class='ocrx_word' id='word_1_577' title='bbox 528 3912 563 3960; x_wconf 86' lang='lat' dir='ltr'>ita</span> <span class='ocrx_word' id='word_1_578' title='bbox 571 3912 705 3976; x_wconf 87' lang='lat' dir='ltr'>improbare</span> <span class='ocrx_word' id='word_1_579' title='bbox 717 3912 843 3969; x_wconf 86' lang='lat' dir='ltr'>vellemus,</span> <span class='ocrx_word' id='word_1_580' title='bbox 855 3913 949 3960; x_wconf 84' lang='lat' dir='ltr'>infinita</span> <span class='ocrx_word' id='word_1_581' title='bbox 959 3912 984 3960; x_wconf 89' lang='lat' dir='ltr'>in</span> <span class='ocrx_word' id='word_1_582' title='bbox 994 3912 1047 3976; x_wconf 84' lang='lat' dir='ltr'>ipso</span> <span class='ocrx_word' id='word_1_583' title='bbox 1060 3913 1174 3965; x_wconf 70' lang='lat' dir='ltr'>Cicerone</span> 
     </span>
     <span class='ocr_line' id='line_1_49' title="bbox 65 3975 925 4040; baseline 0.003 -15"><span class='ocrx_word' id='word_1_584' title='bbox 65 3982 150 4025; x_wconf 81' lang='lat' dir='ltr'>essent</span> <span class='ocrx_word' id='word_1_585' title='bbox 157 3975 327 4039; x_wconf 84' lang='lat' dir='ltr'>improbanda.</span> <span class='ocrx_word' id='word_1_586' title='bbox 348 3977 400 4038; x_wconf 80' lang='lat' dir='ltr'>Ego</span> <span class='ocrx_word' id='word_1_587' title='bbox 410 3991 459 4025; x_wconf 92' lang='lat' dir='ltr'>non</span> <span class='ocrx_word' id='word_1_588' title='bbox 470 3975 579 4026; x_wconf 86' lang='lat' dir='ltr'>dubitem</span> <span class='ocrx_word' id='word_1_589' title='bbox 591 3977 669 4026; x_wconf 85' lang='lat' dir='ltr'>dicere</span> <span class='ocrx_word' id='word_1_590' title='bbox 680 3977 840 4027; x_wconf 79' lang='lat' dir='ltr'>clim-elias</span> <span class='ocrx_word' id='word_1_591' title='bbox 848 3977 925 4040; x_wconf 78' lang='lat' dir='ltr'>cern)</span> 
     </span>
     <span class='ocr_line' id='line_1_50' title="bbox 99 4037 1171 4106; baseline 0.005 -18"><span class='ocrx_word' id='word_1_592' title='bbox 99 4037 123 4073; x_wconf 80' lang='lat'>¹⁸</span> <span class='ocrx_word' id='word_1_593' title='bbox 136 4040 197 4090; x_wconf 79' lang='lat' dir='ltr'>Haec</span> <span class='ocrx_word' id='word_1_594' title='bbox 208 4041 340 4088; x_wconf 74' lang='lat' dir='ltr'>admonitio</span> <span class='ocrx_word' id='word_1_595' title='bbox 351 4041 410 4088; x_wconf 86' lang='lat' dir='ltr'>satis</span> <span class='ocrx_word' id='word_1_596' title='bbox 420 4048 458 4089; x_wconf 89' lang='lat' dir='ltr'>est</span> <span class='ocrx_word' id='word_1_597' title='bbox 469 4041 562 4089; x_wconf 86' lang='lat' dir='ltr'>veritati</span> <span class='ocrx_word' id='word_1_598' title='bbox 573 4049 743 4098; x_wconf 78' lang='lat' dir='ltr'>consentanea,</span> <span class='ocrx_word' id='word_1_599' title='bbox 757 4041 777 4089; x_wconf 89' lang='lat' dir='ltr'>si</span> <span class='ocrx_word' id='word_1_600' title='bbox 787 4041 975 4106; x_wconf 81' lang='lat' dir='ltr'>frequentiorem</span> <span class='ocrx_word' id='word_1_601' title='bbox 985 4058 1055 4091; x_wconf 82' lang='lat' dir='ltr'>urum</span> <span class='ocrx_word' id='word_1_602' title='bbox 1066 4044 1171 4093; x_wconf 89' lang='lat' dir='ltr'>nominis</span> 
     </span>
     <span class='ocr_line' id='line_1_51' title="bbox 64 4105 1174 4170; baseline 0.002 -14"><span class='ocrx_word' id='word_1_603' title='bbox 64 4107 131 4156; x_wconf 76' lang='lat' dir='ltr'>alites</span> <span class='ocrx_word' id='word_1_604' title='bbox 141 4113 246 4170; x_wconf 81' lang='lat' dir='ltr'>spectes.</span> <span class='ocrx_word' id='word_1_605' title='bbox 264 4105 313 4154; x_wconf 89' lang='lat' dir='ltr'>Sed</span> <span class='ocrx_word' id='word_1_606' title='bbox 320 4106 440 4154; x_wconf 89' lang='lat' dir='ltr'>interdurn</span> <span class='ocrx_word' id='word_1_607' title='bbox 448 4108 510 4156; x_wconf 80' lang='lat' dir='ltr'>alius</span> <span class='ocrx_word' id='word_1_608' title='bbox 516 4105 590 4154; x_wconf 86' lang='lat' dir='ltr'>etiam</span> <span class='ocrx_word' id='word_1_609' title='bbox 597 4107 628 4155; x_wconf 91' lang='lat' dir='ltr'>de</span> <span class='ocrx_word' id='word_1_610' title='bbox 636 4106 730 4155; x_wconf 88' lang='lat' dir='ltr'>duobus</span> <span class='ocrx_word' id='word_1_611' title='bbox 740 4105 835 4154; x_wconf 86' lang='lat' dir='ltr'>dicitur.</span> <span class='ocrx_word' id='word_1_612' title='bbox 851 4107 950 4156; x_wconf 69' lang='lat' dir='ltr'>Plinius</span> <span class='ocrx_word' id='word_1_613' title='bbox 958 4109 973 4155; x_wconf 89' lang='grc'>1.</span> <span class='ocrx_word' id='word_1_614' title='bbox 984 4111 1024 4156; x_wconf 93' lang='grc'>11.</span> <span class='ocrx_word' id='word_1_615' title='bbox 1033 4124 1055 4157; x_wconf 85' lang='grc'>6.</span> <span class='ocrx_word' id='word_1_616' title='bbox 1063 4111 1103 4156; x_wconf 82' lang='grc'>18.</span> <span class='ocrx_word' id='word_1_617' title='bbox 1120 4109 1174 4159; x_wconf 85' lang='lat' dir='ltr'>Cir·</span> 
     </span>
     <span class='ocr_line' id='line_1_52' title="bbox 66 4169 1182 4236; baseline 0.003 -16"><span class='ocrx_word' id='word_1_618' title='bbox 66 4186 98 4220; x_wconf 88' lang='lat' dir='ltr'>ca</span> <span class='ocrx_word' id='word_1_619' title='bbox 106 4169 329 4220; x_wconf 88' lang='lat' dir='ltr'>Thermodoontem</span> <span class='ocrx_word' id='word_1_620' title='bbox 338 4171 437 4219; x_wconf 87' lang='lat' dir='ltr'>fluvium</span> <span class='ocrx_word' id='word_1_621' title='bbox 449 4170 496 4219; x_wconf 91' lang='lat' dir='ltr'>duo</span> <span class='ocrx_word' id='word_1_622' title='bbox 508 4186 597 4234; x_wconf 82' lang='lat' dir='ltr'>genera</span> <span class='ocrx_word' id='word_1_623' title='bbox 607 4180 664 4220; x_wconf 84' lang='lat' dir='ltr'>sunt</span> <span class='ocrx_word' id='word_1_624' title='bbox 671 4186 751 4235; x_wconf 92' lang='lat' dir='ltr'>apum,</span> <span class='ocrx_word' id='word_1_625' title='bbox 763 4170 864 4220; x_wconf 77' lang='lat' dir='ltr'>aliarum</span> <span class='ocrx_word' id='word_1_626' title='bbox 873 4172 1182 4236; x_wconf 71' lang='lat' dir='ltr'>queinarburibusmell&#39;x·</span> 
     </span>
     <span class='ocr_line' id='line_1_53' title="bbox 66 4235 1147 4308; baseline 0.004 -24"><span class='ocrx_word' id='word_1_627' title='bbox 66 4235 151 4291; x_wconf 73' lang='lat' dir='ltr'>ficunt,</span> <span class='ocrx_word' id='word_1_628' title='bbox 161 4237 261 4284; x_wconf 78' lang='lat' dir='ltr'>alierum</span> <span class='ocrx_word' id='word_1_629' title='bbox 270 4250 324 4297; x_wconf 76' lang='lat' dir='ltr'>que</span> <span class='ocrx_word' id='word_1_630' title='bbox 330 4237 451 4284; x_wconf 82' lang='lat' dir='ltr'>subterra.</span> <span class='ocrx_word' id='word_1_631' title='bbox 461 4235 535 4286; x_wconf 84' lang='lat' dir='ltr'>Adde</span> <span class='ocrx_word' id='word_1_632' title='bbox 545 4237 743 4290; x_wconf 80' lang='lat' dir='ltr'>Admonitionem</span> <span class='ocrx_word' id='word_1_633' title='bbox 754 4236 817 4308; x_wconf 60' lang='lat' dir='ltr'>Ins</span> <span class='ocrx_word' id='word_1_634' title='bbox 828 4243 872 4292; x_wconf 86' lang='grc'>26.</span> <span class='ocrx_word' id='word_1_635' title='bbox 884 4248 912 4290; x_wconf 84' lang='lat' dir='ltr'>et</span> <span class='ocrx_word' id='word_1_636' title='bbox 922 4241 1017 4292; x_wconf 79' lang='lat' dir='ltr'>oberro.</span> <span class='ocrx_word' id='word_1_637' title='bbox 1024 4242 1109 4289; x_wconf 72' lang='lat' dir='ltr'>‘ll-n.</span> <span class='ocrx_word' id='word_1_638' title='bbox 1119 4257 1147 4289; x_wconf 75' lang='grc'>6.</span> 
     </span>
    </p>
   </div>
   <div class='ocr_carea' id='block_1_14' title="bbox 94 4298 1212 4374">
    <p class='ocr_par' dir='ltr' id='par_1_16' title="bbox 94 4298 1212 4374">
     <span class='ocr_line' id='line_1_54' title="bbox 94 4298 1212 4374; baseline 0.014 -29"><span class='ocrx_word' id='word_1_639' title='bbox 94 4298 158 4346; x_wconf 68' lang='lat'>¹⁹12</span> <span class='ocrx_word' id='word_1_640' title='bbox 165 4299 285 4364; x_wconf 74' lang='lat' dir='ltr'>exemplis</span> <span class='ocrx_word' id='word_1_641' title='bbox 293 4300 413 4363; x_wconf 75' lang='lat' dir='ltr'>subjectis</span> <span class='ocrx_word' id='word_1_642' title='bbox 419 4314 492 4368; x_wconf 76' lang='lat' dir='ltr'>super</span> <span class='ocrx_word' id='word_1_643' title='bbox 500 4305 588 4356; x_wconf 85' lang='lat' dir='ltr'>tralste</span> <span class='ocrx_word' id='word_1_644' title='bbox 599 4306 712 4374; x_wconf 87' lang='lat' dir='ltr'>positum</span> <span class='ocrx_word' id='word_1_645' title='bbox 722 4323 872 4372; x_wconf 71' lang='lat' dir='ltr'>essemmno</span> <span class='ocrx_word' id='word_1_646' title='bbox 880 4308 1212 4369; x_wconf 63' lang='lat' dir='ltr'>dubitatmtexcumum·</span> 
     </span>
    </p>
   </div>
   <div class='ocr_carea' id='block_1_15' title="bbox 0 0 1340 4636">
    <p class='ocr_par' dir='ltr' id='par_1_17' title="bbox 0 0 1340 4636">
     <span class='ocr_line' id='line_1_55' title="bbox 0 0 1340 4636; baseline 0 2"><span class='ocrx_word' id='word_1_647' title='bbox 0 0 1340 4636; x_wconf 95' lang='lat' dir='ltr'> </span> 
     </span>
    </p>
   </div>
  </div>
 </body>
</html>
