2670 4636
132 264 228 346 sos]
485 216 540 330 bs
573 268 814 331 ruariorum
834 277 891 331 etc.
1008 233 1010 236 ’
1078 231 1081 235 ’
1175 271 1239 332 aas

482 401 488 409 ’
547 417 598 468 1’5.
609 419 667 468 Non
678 418 832 481 geminatum.

175 497 207 530 θ’
218 498 252 547 Ι).
262 498 291 547 Ρ.
314 499 371 548 Non
391 498 536 561 geminatum
553 515 596 562 per
612 497 726 560 ὲπ1ζευξιν
736 500 876 560 emphaseos
886 497 969 560 gratia,
987 513 1059 546 sensu
1069 506 1181 546 manente
1193 513 1237 545 ue·

137 562 230 626 gatiro.
265 564 498 627 catillamenta.
514 563 639 621 N0n‚non
656 566 700 611 hoc
712 563 763 619 tibi,
776 564 846 619 salse,
865 562 898 610 sic
917 562 999 610 abibit.
1016 564 1107 612 Muret.
1124 563 1166 610 ibi.
1186 564 1237 612 Cic.

138 627 156 675 l.
172 631 211 676 19.
222 627 277 677 Ast.
287 643 324 691 ep.
338 632 377 678 13.
394 628 429 676 Ea
439 642 487 674 non
502 636 557 676 sunt
573 628 603 676 ab
614 627 728 691 obsequio
744 637 832 684 nostro,
847 641 903 674 nou.
937 626 976 676 Id.
984 641 1029 691 pro
1041 627 1108 676 Flac.
1127 626 1184 675 Nou
1199 635 1238 676 est

137 691 297 785 itagp'udices,
309 707 356 741 nou
365 699 405 740 est
413 692 530 756 profecto.

215 757 253 805 Ab
270 758 310 805 his
327 757 443 820 exemplis
459 771 568 820 separare
581 756 640 808 libet
655 772 691 813 ea,
708 755 830 818 inquibus
847 756 911 803 salvo
928 770 1000 802 sensu
1017 755 1071 802 tolli
1084 754 1237 819 negationum

138 821 216 869 altera
226 837 275 869 non
285 828 371 884 potest.
406 822 457 870 cic.
468 821 484 868 1.
493 825 517 872 3.
526 821 555 869 dc
567 821 624 870 Fin.
636 837 658 869 c.
668 825 692 870 8.
709 821 759 878 Qui
778 827 875 868 mortem
885 819 911 877 in
928 820 995 867 malis
1005 820 1082 882 ponit,
1098 834 1147 867 non
1157 827 1238 883 potest

135 898 195 933 eam
211 900 259 934 non
276 887 366 934 timere.
383 888 412 935 lte
421 886 472 934 wlco
482 886 602 934 considero
615 887 685 935 deotlt
701 890 725 934 lo
741 885 768 934 11
779 901 809 934 11
820 885 874 941 coil.
894 890 956 934 must
967 885 1106 948 necessarily
1115 885 1173 944 seor
1184 885 1238 933 il·-

139 956 229 1000 consor
239 953 268 1000 do
279 951 402 1001 otbertoise
413 951 471 1000 1111
475 951 533 1011 seur
544 951 573 998 it.

512 1044 527 1074 ⁸
538 1049 562 1093 6.
579 1047 635 1094 Nou
647 1061 701 1094 cum
711 1044 869 1108 superlativis

176 1127 227 1176 cte.
236 1127 254 1174 Ι.
265 1131 288 1174 9.
298 1128 367 1177 Fam.
378 1142 414 1189 ep.
427 1131 451 1175 1.
467 1126 515 1173 Τοι
524 1126 645 1188 tantisque
654 1127 725 1174 rebus
736 1141 853 1188 urgemur,
864 1133 890 1171 ut
897 1126 985 1173 nullam
997 1126 1162 1175 allevationem
1173 1128 1237 1190 quis·

116 1219 119 1224 ·
136 1206 214 1254 quam
233 1207 281 1239 uon
297 1193 449 1239 stultissimus
462 1205 554 1254 sperare
570 1189 663 1238 debeat.
697 1192 736 1239 Id.
750 1191 803 1239 l.2.
816 1191 850 1240 N.
861 1190 896 1238 D.
913 1206 934 1238 c.
946 1196 985 1240 17.
1002 1190 1056 1248 Hic,
1077 1207 1147 1255 quam
1165 1193 1238 1248 volet,

139 1255 261 1318 Epicurus
268 1255 371 1319 jocetur,
382 1257 452 1303 bomo
462 1270 511 1303 non
522 1254 659 1317 aptissimus
670 1254 700 1301 ad
711 1254 849 1319 jocandum.
883 1257 945 1303 Idl
961 1256 1030 1305 Verr.
1042 1272 1064 1304 c.
1077 1260 1117 1304 31.
1133 1256 1247 1318 Marcelg
1318 1278 1321 1283 ⁹

137 1321 180 1368 lus
196 1322 344 1368 committere
355 1336 410 1368 eum
421 1317 501 1368 locusn’
517 1330 565 1367 non
576 1318 719 1366 fidelissimis
734 1319 870 1366 hominibus
886 1319 971 1367 uoluit.
1004 1322 1043 1370 Id.
1054 1325 1069 1370 4
1080 1317 1154 1370 Verr.
1165 1337 1186 1372 c.
1198 1326 1239 1372 14.

138 1385 223 1447 ⁴Nepos
233 1385 326 1446 Agestt.
336 1401 358 1433 c.
370 1389 394 1433 8.

172 1454 198 1497 ‘l.
210 1449 245 1499 D.
257 1449 281 1474 ‘⁴
294 1450 351 1498 Nou
367 1449 392 1496 in
409 1447 583 1496 laudationibus
600 1446 686 1511 frigide
707 1454 749 1495 aut
766 1461 836 1510 parce
852 1446 973 1495 laudantis
991 1448 1097 1511 speciem
1115 1450 1196 1506 habet,
1212 1459 1239 1499 ut

135 1527 188 1563 'noa
200 1514 377 1576 munierimus,
395 1527 441 1561 non
458 1512 553 1562 ristulum⁷
581 1512 712 1560 Homerum
729 1521 807 1559 tamen
821 1527 869 1556 non
887 1513 1012 1559 virtutibus
1026 1513 1184 1576 appellandis,
1197 1516 1239 1563 sed

91 1589 96 1594 ·
137 1576 205 1626 vitiis
216 1578 367 1626 detrahendis
379 1577 472 1624 laudare
484 1577 594 1637 ampliter
604 1577 689 1632 solere,
704 1576 796 1624 Gellius
807 1574 912 1623 ostendit
923 1576 940 1622 1.
953 1581 992 1626 11.
1002 1593 1023 1625 1.
1034 1582 1059 1626 6.

173 1642 314 1703 (Enimvero
330 1658 378 1691 non
393 1643 465 1689 debet
483 1641 594 1695 dubitari,
613 1641 670 1703 quin
684 1642 737 1688 haec
753 1641 828 1687 forma
844 1655 892 1687 uon
906 1641 998 1688 minuat
1016 1642 1119 1697 laudem,
1139 1643 1182 1690 sed
1197 1643 1239 1692 ubi

136 1706 259 1769 positivus
275 1715 326 1763 est,·-
339 1709 369 1755 ad
385 1706 477 1754 laudem
487 1706 528 1752 vel
544 1705 645 1753 maxime
655 1705 742 1753 valeat.
774 1705 857 1753 Veluti
868 1721 922 1752 cum
932 1705 1018 1753 Liuius
1029 1707 1156 1770 Polybium
1170 1717 1241 1756 vocat

138 1785 188 1823 nou
197 1774 388 1821 cmlemncndum
401 1776 526 1825 auctorem,
541 1776 569 1817 ut
584 1769 673 1818 dudum
691 1769 882 1818 demonstravere
898 1771 1051 1820 Cosuuborute
1062 1771 1092 1819 ad
1102 1772 1238 1836 Polybium,

142 1835 243 1886 Vossius
254 1835 281 1884 iu
298 1836 442 1892 Rhetoricis,
454 1849 501 1898 quo
515 1836 570 1883 loco
581 1835 628 1882 vim
637 1831 766 1894 λιτόιητος
776 1834 887 1898 explicat,
898 1834 996 1900 etalii.)

381 1948 394 1972 ⁸
404 1953 428 1998 8.
446 1949 502 1997 Nou
512 1948 538 1995 in
549 1947 716 2011 disjunctione,
734 1949 786 1997 siue
796 1953 875 1997 aulem
885 1948 923 1995 vel
934 1963 998 1999 oero.

176 2031 307 2080 011112.
319 2031 388 2081 Fam.
400 2045 436 2092 ep.
448 2033 472 2078 2.
497 2028 523 2076 1ε
534 2021 643 2076 omnibus
652 2035 690 2077 est
701 2030 764 2076 visus
776 2043 818 2075 suo
829 2043 895 2075 more
906 2044 1010 2085 vomere,
1021 2045 1069 2077 non
1087 2031 1175 2080 dicere.
1208 2035 1240 2083 Ira

138 2096 226 2145 Pison.
244 2111 265 2143 c.
276 2100 314 2144 16.
339 2095 429 2143 Confer
445 2109 519 2156 nuno,
539 2094 641 2155 Epicure
662 2101 751 2149 noster,
770 2108 800 2140 er
820 2093 875 2140 hara
893 2094 1017 2155 producte,
1036 2110 1084 2142 non
1101 2111 1133 2143 ex
1151 2098 1239 2155 ecbola,

138 2160 230 2217 conset,
243 2160 265 2207 si
275 2159 357 2215 audes,
368 2159 497 2207 absentiam
509 2166 573 2205 tuam
589 2174 643 2205 cum
653 2173 716 2205 mea.
732 2162 774 2207 not
786 2158 888 2219 brought
892 2158 960 2217 from
971 2159 1010 2207 tlse
1020 2160 1107 2223 school,
1119 2161 1165 2211 -lmt
1172 2163 1241 2222 srom

128 2226 240 2288 411111,
274 2225 423 2273 [1111119.
440 2222 550 2269 Fortuna
566 2221 611 2270 ista
626 2223 675 2269 tels
685 2229 749 2278 sunt,
764 2237 813 2268 non
824 2222 910 2284 culpae.
926 2223 962 2271 El
974 2239 1043 2272 mou:
1060 2223 1179 2289 Thyestea
1194 2227 1242 2277 ista

138 2284 273 2337 exsecratio
280 2297 318 2336 est
325 2296 403 2352 poetae
415 2288 478 2351 vulgi
489 2287 589 2344 animos,
597 2300 645 2334 non
653 2286 796 2351 sapientum,
806 2286 934 2335 moventis.
954 2288 1010 2337 nto.
1022 2287 1069 2337 19.
1079 2305 1102 2340 1.
1111 2294 1143 2340 44
1155 2298 1180 2338 et
1189 2294 1231 2341 68.

574 2401 590 2429 *
601 2406 626 2451 9.
644 2402 701 2450 Non
711 2400 737 2448 in
748 2401 805 2448 fine.

177 2484 229 2532 Cic.
241 2483 257 2531 1.
266 2488 304 2533 14.
316 2482 371 2533 Aac.
383 2498 417 2546 cp.
426 2487 467 2531 12.
483 2482 609 2531 Octavium
621 2482 659 2530 sui
670 2481 946 2531 Caesaremsalutabaut:
964 2480 1093 2544 Philippus
1101 2497 1158 2542 non.
1174 2484 1241 2534 Iota.

135 2548 158 2596 l.
170 2552 210 2598 16.
220 2564 257 2612 ep.
271 2553 296 2597 9.
313 2547 414 2596 Varroni
433 2547 529 2610 quidem
545 2547 656 2610 displicet
670 2546 794 2594 consilium
804 2547 872 2609 pueri
882 2562 888 2591 ι
913 2544 972 2593 mibi
986 2561 1043 2594 non.
1062 2547 1101 2596 m.
1112 2549 1141 2596 dc
1150 2547 1240 2613 Antip.

136 2612 216 2678 Resp.
225 2629 248 2662 c.
260 2615 300 2660 16.
311 2613 363 2662 etl.
375 2619 398 2662 3.
408 2615 437 2660 de
449 2613 506 2661 Fiu.
517 2627 539 2659 c.
551 2616 590 2659 15.

601 2713 640 2757 19.
658 2709 781 2757 Nou-ol.
863 2726 866 2732 >

175 2792 232 2839 Nou
242 2789 341 2838 assumit
352 2803 416 2852 scope
427 2795 461 2838 nt.
498 2791 549 2838 Cic.
558 2804 601 2851 pro
615 2790 709 2838 Clueut.
720 2805 741 2836 c.
751 2792 792 2838 28.
810 2787 923 2834 Plancius
930 2801 979 2833 non
988 2786 1063 2833 valuit
1070 2787 1139 2834 rebus
1145 2789 1240 2845 iisdem,

134 2856 227 2919 quibus
238 2855 338 2903 fortasse
351 2855 477 2911 uorrnulli3
501 2862 526 2901 et
537 2853 612 2901 valuit
622 2852 770 2908 assiduitate,
782 2858 806 2898 at
815 2852 892 2899 valuit
901 2849 1054 2899 observandis
1066 2852 1156 2911 amicis,
1166 2855 1242 2903 valuit

132 2921 296 2970 liberalitate.
330 2917 345 2947 ⁸
356 2920 395 2966 ld.
409 2920 478 2967 Orat.
490 2934 512 2968 c.
523 2922 565 2967 29.
582 2918 600 2967 l.
613 2921 637 2967 4.
649 2918 726 2967 Acud.
738 2933 760 2966 o.
772 2920 812 2964 18.
905 2973 907 2977 ¹

241 3021 280 3065 11.
297 3015 426 3065 Nori-scd
443 3014 481 3078 rel
492 3016 534 3064 sed
543 3019 614 3069 certe,
632 3015 673 3063 sed
684 3018 771 3069 lumem
784 3015 826 3062 scil
840 3013 928 3075 potius,
938 3014 980 3061 scd
993 3017 1086 3062 tontum
1097 3020 1144 3061 cet.

178 3113 259 3160 0111.
270 3114 295 3158 1.
310 3112 379 3159 an.
390 3126 425 3174 ep.
440 3114 465 3157 9.
481 3110 585 3158 Tantum
595 3108 681 3164 dicam,
694 3124 744 3158 uon
753 3107 818 3161 mihi
833 3109 963 3158 exercitum
979 3111 1022 3157 sed
1039 3110 1112 3158 duces
1129 3111 1242 3163 defuisse.

138 3177 156 3208 ⁸
167 3178 208 3225 Id.
218 3192 262 3240 pro
272 3177 360 3224 Milon.
371 3191 393 3223 c.
404 3180 420 3224 4
431 3179 507 3224 1110.
518 3182 544 3222 et
553 3184 596 3237 pro
608 3174 683 3224 Arclt.
694 3189 717 3222 c.
726 3179 750 3224 4.

176 3240 302 3289 Interdum
312 3239 407 3287 additur
415 3245 479 3289 certe
489 3241 528 3287 vel
539 3245 626 3288 tomen.
661 3240 712 3289 Cio.
727 3239 743 3287 1.
754 3237 845 3288 91111.
856 3253 891 3300 ep.
904 3243 944 3287 11.
962 3238 1022 3286 Tum
1039 3240 1170 3301 poterimus
1180 3242 1240 3290 deli·

136 3306 235 3363 berane,
244 3320 292 3352 non
307 3305 404 3366 quidem
418 3305 510 3367 integra
519 3319 552 3360 re,
562 3304 607 3353 sed
617 3313 682 3352 certe
692 3304 770 3351 minus
779 3304 864 3351 fracta.
896 3301 911 3331 “
925 3305 965 3352 Id.
976 3304 992 3351 l.
1004 3309 1028 3353 2.
1042 3306 1071 3353 de
1084 3305 1155 3354 Orat.
1166 3322 1188 3353 c.
1198 3311 1240 3358 88.

138 3369 199 3418 Hac
210 3370 381 3418 exercitatione
392 3384 441 3416 non
459 3371 564 3417 eruenda
578 3370 692 3416 memoris
706 3378 750 3425 est,
767 3369 788 3415 si
803 3375 840 3415 est
850 3367 915 3415 nulla
931 3369 1046 3416 naturalis
1054 3384 1061 3427 ;
1077 3369 1121 3416 sed
1136 3379 1208 3425 certe,
1220 3371 1242 3419 si

133 3436 211 3495 latet.
222 3432 341 3482 evocanda
351 3442 397 3481 est.
418 3434 433 3480 l.
446 3437 469 3480 1.
479 3436 508 3482 de
517 3433 602 3482 Dicin.
613 3449 635 3480 c.
647 3438 687 3482 13.

178 3499 232 3548 Cic.
242 3500 260 3548 l.
272 3504 296 3547 1.
306 3501 336 3547 cle
348 3498 400 3562 Off.
411 3514 433 3546 c.
444 3501 483 3548 31.
499 3496 614 3545 Tenenda
624 3504 681 3543 sunt
690 3510 732 3544 sua
741 3497 827 3560 cuique
837 3511 886 3544 non
896 3495 989 3551 vitiosa.
999 3498 1041 3543 sed
1049 3503 1128 3544 tumen
1138 3499 1241 3561 propria.

139 3561 668 3626 ’111111111111111111.
685 3559 891 3608 Limnaeum

176 3627 191 3658 ⁶
200 3627 324 3676 Interdum
340 3627 435 3674 additur
448 3628 536 3690 potius.
570 3626 621 3673 011.
634 3626 651 3672 l.
664 3626 703 3673 12.
715 3625 770 3673 Ast.
781 3638 817 3686 cp.
827 3628 868 3671 91.
883 3622 914 3669 Id
925 3623 971 3669 etsi
981 3637 1029 3670 non
1039 3623 1241 3682 dissimulationis,

97 3728 101 3733 .
138 3690 187 3740 sed
203 3693 283 3756 potius
292 3691 401 3740 leniendi
415 3691 488 3739 animi
499 3698 524 3739 et
534 3687 634 3736 sanandi
648 3688 722 3734 animi
732 3685 893 3735 causasacio:
911 3695 988 3734 tamen
1000 3688 1019 3734 si
1032 3688 1088 3734 mihi
1098 3688 1176 3735 minus
1187 3704 1243 3751 pro-

138 3757 214 3805 ficio:
242 3757 386 3806 simulationi
405 3763 467 3803 certe
488 3755 550 3802 facio
568 3754 633 3801 satis.
666 3751 866 3807 11119111.
880 3751 898 3798 l.
915 3758 984 3814 etep.
996 3756 1019 3801 1.
1034 3758 1061 3799 et
1071 3754 1146 3802 Brut.
1160 3757 1198 3801 19.
1217 3761 1243 3802 et

136 3825 160 3869 6
174 3822 243 3872 Verr.
255 3838 278 3870 c.
287 3826 328 3872 64.
339 3821 399 3869 etin
411 3821 485 3869 Brut.
496 3834 517 3866 c.
529 3824 553 3868 1.

176 3885 192 3915 ⁵
203 3887 327 3934 Interdum
339 3885 444 3948 sequitur
454 3885 618 3946 rte-quidem,
629 3897 671 3945 pro
683 3895 727 3928 uon
735 3880 801 3927 modo
812 3893 867 3927 riou.
896 3880 948 3926 Col.
960 3879 976 3927 1.
987 3883 1028 3928 12.
1040 3895 1062 3927 1.
1073 3883 1113 3928 51.
1129 3879 1242 3930 Aromata

137 3962 192 3999 non
211 3953 319 4008 cribrata,
335 3950 378 3998 sed
396 3966 426 3996 ne
440 3949 530 3996 minute
549 3945 646 4010 quidem
667 3952 774 3999 contusa,
795 3959 875 3991 verum
896 3943 981 3991 leviter
1000 3943 1122 3992 confracta
1140 3946 1241 3995 inreti-

131 4015 222 4064 .culum
229 4016 341 4081 junceum
352 4014 421 4080 adjici
432 4020 533 4076 oportet.

176 4079 382 4143 ‘Nonnunquam
400 4077 526 4144 apponitur
546 4080 647 4124 tontum.
681 4072 940 4122 1114111111.
967 4071 997 4118 Ιιι
1018 4072 1094 4120 hostis
1115 4073 1242 4138 gramineis

133 4219 1236 4248 Μ

443 4323 454 4355 ⁷
467 4322 586 4387 Exempla
597 4320 654 4372 ride
666 4321 693 4370 in
713 4318 766 4372 Cic.
782 4319 861 4371 Brut.
871 4333 894 4368 c.
902 4321 949 4369 11.
