2670 4636
106 250 164 309 186
437 243 606 305 HORATII
637 241 879 303 TURSELLINI
1110 245 1205 322 [rursu

106 411 129 444 c.
140 399 167 444 8.
184 391 248 443 Solis
259 392 413 448 defectiones,
423 391 530 453 itemque
540 393 602 440 lunae
613 391 774 454 praedicuntur
781 390 805 436 in
821 389 909 437 multos
922 401 1004 436 annos.
1020 388 1059 437 lb.
1069 389 1087 435 1.
1099 391 1123 436 1.
1134 404 1157 436 c.
1167 393 1208 437 48.

107 458 227 507 Romulus
235 471 310 521 augur
317 471 372 506 cum
379 457 449 503 tratre
456 457 514 504 item
526 470 624 518 augure.
658 457 696 504 Id.
707 459 736 503 44
746 455 823 504 Amic.
835 469 857 501 c.
867 459 892 502 2.
902 453 989 514 ltaque
1000 467 1032 498 ex
1041 468 1080 499 me
1090 460 1208 514 querunt,

107 524 180 571 credo
190 524 249 571 item
260 539 289 570 ex
298 523 344 570 boc
358 521 476 568 Scoevola.
493 520 548 583 they
562 520 659 582 esequire
674 520 703 578 qs
712 534 757 576 nte,
768 533 797 567 44
815 519 831 565 Ι
844 518 930 566 believe
945 519 999 580 they
1010 518 1040 563 do
1057 516 1085 576 of
1102 517 1209 565 Seceoolc

107 587 173 638 tere.

507 646 522 676 ⁶
532 651 558 696 2.
571 647 605 694 Et
615 648 681 700 itere,
691 647 802 709 itemque.

143 724 204 778 Calo
213 729 246 777 R.
260 729 291 776 R.
300 744 322 778 c.
329 732 371 778 98.
390 727 423 775 Et
433 727 492 774 item
500 726 605 788 ligneam
615 726 791 787 supellectilem
801 724 924 772 omnemsi
931 739 1015 786 unges,
1023 739 1070 772 non
1080 730 1210 786 putrescet·

110 793 188 843 ctat.
201 794 260 841 1.de
275 793 328 856 Off.
339 808 362 840 c.
373 796 414 840 12.
429 791 542 839 Indicant
563 789 688 836 duodecim
710 790 799 836 tabulae
810 806 815 833 :
828 795 870 835 eut
888 796 962 835 status
985 790 1038 835 dies
1057 804 1112 835 cum
1127 789 1195 835 hoste
1201 805 1208 847 ;

106 856 211 918 itemque
225 855 337 903 adversus
347 856 442 902 hostem
458 861 547 901 aeterna
563 854 683 900 autoritas.
708 854 747 900 ld.
759 853 817 900 ibid.
831 869 853 900 c.
865 857 906 901 24.
917 853 1027 914 Itemque
1045 852 1088 900 alii
1104 853 1135 898 dc
1152 853 1210 907 vite,

107 921 149 968 alii
164 921 194 968 de
207 919 280 982 glorio
296 927 321 966 et
330 918 500 967 benevolentia
510 917 599 966 civium
610 918 635 964 in
646 915 772 964 discrimen
782 923 904 964 vocantur.
938 915 1004 964 Add.
1019 916 1079 964 ibid.
1099 932 1122 964 c.
1134 919 1167 964 26
1182 931 1208 964 ac

108 987 151 1034 80.
162 990 188 1032 et
196 984 214 1031 l.
225 986 250 1032 8.
261 999 284 1032 4.
293 988 317 1032 5.
328 984 429 1032 Sallust.
440 982 515 1030 Gertz.
527 997 549 1028 c.
558 986 600 1030 47.

411 1074 436 1127 8.
450 1071 579 1125 Item—ut,
590 1069 727 1123 item—uti,
739 1070 907 1131 item-mque.

120 1155 121 1158 ’
143 1152 207 1201 [tem
216 1166 281 1214 saepe
298 1164 353 1197 cum
370 1154 406 1204 ut,
420 1149 466 1204 uti,
483 1154 554 1210 atque
568 1148 729 1210 conjungitur.
758 1148 808 1195 Cic.
819 1147 845 1193 in
860 1149 931 1195 Orat.
943 1162 964 1195 c.
976 1146 1066 1194 60114
1077 1146 1112 1204 fit,
1124 1153 1212 1194 utnon

110 1213 325 1270 iteminoratn'one,
337 1221 364 1262 ut
371 1213 397 1260 in
404 1227 473 1259 versu
484 1225 597 1258 numerus
605 1215 679 1259 extet.
712 1210 726 1240 ⁴
741 1211 816 1259 Varro
827 1212 857 1259 L.
865 1212 895 1258 L.
905 1212 922 1259 l.
934 1216 958 1259 4.
969 1227 991 1258 4.
1003 1213 1079 1258 8241
1090 1213 1106 1258 l.
1118 1217 1142 1259 5.
1153 1227 1175 1259 4.
1185 1216 1208 1260 7.

115 1280 193 1328 ctat
209 1279 278 1328 Verr.
289 1281 347 1326 ee.
364 1276 454 1324 Fecisti
465 1275 586 1334 item,'uti
600 1275 724 1336 praedones
735 1276 820 1322 solent.
853 1274 865 1298 ⁶
877 1276 916 1322 Id.
927 1275 943 1322 1.
954 1280 978 1322 2.
988 1276 1018 1323 de
1029 1275 1126 1323 Iuoent.
1137 1291 1160 1323 c.
1171 1280 1210 1325 54.

114 1341 193 1392 Varro
205 1342 237 1391 11.
250 1343 283 1389 R.
295 1357 318 1389 c.
330 1344 354 1388 8.
363 1348 389 1388 et
402 1338 669 1389 Τ44441.114441.5.4.
682 1339 782 1387 Sallust.
793 1339 910 1399 Jugurtb.
922 1355 945 1386 c.
955 1342 997 1386 47.

145 1404 170 1430 “
182 1405 207 1452 S.
218 1405 251 1453 Ι).
265 1405 341 1453 Varro
352 1404 385 1452 R.
395 1404 426 1451 R.
433 1404 450 1452 1.
461 1405 512 1450 24.
520 1405 545 1449 ’1.
565 1401 622 1448 Non
632 1402 690 1448 item
702 1408 757 1448 sunt
763 1402 889 1463 spectandi
899 1410 969 1465 atque
978 1401 1091 1449 habendi.
1107 1402 1211 1465 Negavit

50 1515 52 1519 ,
111 1467 122 1516 i
138 1468 185 1516 'tur
195 1468 359 1531 imprudenter
376 1468 481 1516 Sodoma
498 1465 524 1512 in
541 1465 678 1527 phrasibus,
689 1467 848 1527 itm-etque
864 1466 971 1527 reperiri,
985 1467 1033 1513 nisi
1045 1467 1108 1513 forte
1119 1466 1149 1513 de
1160 1467 1210 1514 solo

109 1484 148 1587 ri
149 1532 267 1580 intellexit
279 1532 400 1581 Cicerone.
427 1531 490 1577 Nam
500 1529 527 1576 in
538 1531 656 1591 exemplo,
666 1529 730 1590 quod
737 1544 766 1576 ex
775 1544 811 1592 ep.
822 1530 852 1576 ad
860 1530 939 1578 Attie-
948 1529 1018 1576 affert
1025 1531 1131 1594 Porcus,
1141 1536 1212 1593 utque

113 1609 157 1657 pro
167 1601 199 1651 et,
210 1611 259 1644 nou
272 1609 396 1659 proquam
411 1593 518 1656 positum
527 1593 632 1640 videtur.
665 1592 680 1621 ¹
691 1593 757 1642 Add.
772 1594 843 1643 Van.
853 1593 885 1641 1..
895 1594 926 1641 Ι..
937 1595 954 1641 l.
965 1598 990 1642 8.
1001 1609 1024 1641 c.
1035 1597 1077 1643 40.
1092 1601 1151 1643 extr.
1161 1596 1212 1642 etl.

114 1663 208 1708 oocv¹¹s
391 1679 395 1684 ‘

546 1721 561 1751 ‘⁹
571 1726 597 1776 5.
610 1721 781 1784 item—quest.

147 1802 203 1851 Liv.
214 1803 229 1853 l.
237 1806 277 1850 89.
285 1806 353 1851 c.19.
371 1801 473 1849 Senatus
482 1802 619 1850 consultum
625 1802 716 1848 lactum
723 1809 768 1857 est,
777 1801 813 1848 uti
820 1800 929 1849 Feceniae
937 1800 1044 1862 Hispala*¹
1052 1800 1126 1858 detio,
1141 1803 1212 1850 dimi·¹

115 1865 191 1923 nutio,
203 1866 281 1929 gentis
294 1871 339 1914 eet.
350 1866 432 1913 tutoris
443 1865 508 1928 optio
519 1865 578 1912 item
588 1872 661 1920 esset,
672 1865 739 1926 quasi
751 1866 775 1912 ei
786 1866 820 1912 vir
830 1874 975 1913 testamento
985 1864 1104 1915 dedisset.

395 1964 420 2009 6.
432 1961 605 2022 item-quom.
638 1960 931 2023 Item—queamdmodum.

148 2041 216 2090 Raro
236 2055 291 2090 cum
311 2055 380 2103 quum
397 2045 423 2086 et
440 2041 630 2103 quemadmodum
647 2038 763 2102 jungitur.
798 2042 849 2089 Cic.
859 2042 875 2087 l.
887 2045 927 2089 14.
938 2041 993 2089 Art.
1004 2056 1040 2105 ep.
1052 2045 1092 2089 12.
1119 2043 1149 2090 Id
1161 2048 1211 2091 erat

116 2106 237 2167 quondam
246 2105 316 2166 quasi
326 2118 423 2151 necesse
432 2119 441 2163 ;
457 2118 529 2157 nunc,
537 2102 656 2167 quomodo
667 2118 693 2150 se
704 2119 742 2152 res
752 2105 831 2169 habet,
842 2120 890 2152 non
901 2112 939 2151 est
951 2106 1018 2162 item,
1029 2121 1103 2167 quam
1113 2107 1211 2155 dudum.

114 2166 355 2226 itis‘aotesbesore.
402 2169 403 2172 ’
721 2179 724 2186 ’
1058 2177 1061 2182 ’
1172 2171 1177 2182 ’

151 2233 203 2280 Cic.
220 2234 236 2278 2
252 2232 321 2281 Verr.
333 2245 354 2277 c.
365 2232 406 2277 22.
417 2230 457 2276 Ita
467 2245 538 2278 causa
549 2230 707 2293 componitur,
719 2231 815 2277 utitem
827 2231 960 2292 palaestritae
970 2232 1089 2280 Bidenses
1103 2237 1212 2296 peterent

114 2294 145 2343 ab
160 2294 272 2356 Epicrate
285 2292 457 2350 hereditatem,
470 2295 669 2356 quemadmodum
675 2295 810 2357 palaestritae
817 2295 961 2359 Syracusani
971 2297 1002 2343 ub
1011 2297 1126 2346 Heraclio
1137 2299 1209 2362 petis·

115 2364 178 2407 sent.
188 2359 243 2421 they
251 2357 334 2406 4144414
340 2371 439 2413 coeam,
450 2371 486 2405 oe.
1078 2385 1080 2389 ψ

427 2441 451 2485 7.
467 2437 606 2497 Ut-item5
617 2439 784 2497 sicet—item·
799 2455 843 2502 pro
852 2440 897 2489 ito.

147 2515 269 2564 Interdum
276 2517 333 2567 item
338 2515 499 2579 postponitur.
529 2518 580 2567 Cic.
591 2519 608 2566 l.
620 2524 644 2568 4.
655 2519 731 2568 Acod.
739 2536 761 2567 c.
772 2524 811 2582 13.
828 2519 863 2568 Ut
870 2519 934 2567 enim
945 2521 975 2568 de
983 2522 1093 2570 sensibus
1100 2525 1210 2572 hesterno

31 2635 34 2640 ¹
116 2597 224 2630 sermone
235 2581 336 2636 vidistis,
346 2581 406 2627 item
415 2581 506 2628 faciunt
516 2580 547 2628 de
556 2581 662 2643 reliquis.
683 2584 758 2632 Varro
770 2584 786 2630 l.
797 2586 821 2630 8.
832 2584 864 2632 L.
874 2585 904 2632 L.
915 2601 935 2631 c.
948 2589 988 2633 38.

150 2647 201 2695 Cic.
215 2647 285 2693 Oret.
292 2661 314 2693 c.
326 2648 366 2692 26.
388 2642 561 2691 Controversia
572 2652 661 2709 cogunt
668 2646 776 2695 homines
787 2647 849 2695 sicut
858 2647 884 2695 in
892 2647 942 2695 loro
950 2664 998 2697 non
1010 2649 1086 2698 bonos
1096 2659 1210 2708 oratores,

114 2711 175 2759 item
184 2710 209 2758 in
218 2710 311 2757 theatro
318 2715 412 2757 actores
425 2709 501 2756 malos
512 2711 615 2772 perpeti.
626 2726 720 2759 es-ee.

570 2819 571 2822 ¹
582 2810 606 2854 8.
617 2808 674 2854 Noa
684 2808 750 2856 item.
768 2794 771 2798 ⁵

147 2887 212 2936 Item
220 2886 276 2935 cum
293 2882 419 2948 negatione
430 2899 494 2948 eaepe
506 2886 533 2933 in
544 2893 673 2934 extremam
684 2887 809 2950 conjicitur
819 2887 961 2951 clausulam,
977 2898 1004 2936 ut
1018 2906 1064 2946 res,
1083 2906 1137 2953 quse
1153 2908 1210 2940 con-

114 2949 401 3005 ieruntur‚diversasesse
410 2957 532 3011 appareat.
562 2951 613 2998 Cic.
623 2953 695 3000 Orat.
702 2967 724 2998 c.
732 2955 773 3000 48.
784 2953 849 2999 Nam
856 2954 961 2999 omnium
967 2969 1106 3016 magnarum
1116 2957 1210 3012 artium,

114 3015 179 3065 sicut
188 3015 304 3066 arborum,
314 3011 416 3058 altitudo
431 3027 475 3058 nos
485 3013 596 3068 delectat,
608 3015 702 3062 radices
717 3015 850 3077 stirpesque
864 3031 913 3062 uon
924 3017 990 3064 item.
1023 3019 1063 3067 ld.
1074 3019 1090 3067 l.
1102 3025 1126 3068 4.
1141 3021 1211 3069 Tute.

115 3080 192 3126 414.
210 3074 344 3137 1ngeniosi,
355 3080 382 3121 ut
399 3089 432 3121 res
448 3075 598 3123 Corinthium
616 3077 641 3122 in
653 3078 790 3138 aeruginem,
806 3081 840 3126 sic
851 3081 888 3126 illi
904 3081 931 3126 in
945 3081 1051 3129 morbum
1061 3089 1087 3129 et
1102 3084 1214 3134 incidunt

113 3139 191 3187 rarius
201 3150 227 3184 et
234 3146 370 3185 recreantur
379 3136 458 3184 ocius:
477 3138 580 3186 hebetes
591 3155 639 3186 non
649 3140 716 3187 item.
749 3142 787 3189 ld.
797 3144 813 3189 l.
821 3147 844 3190 2.
851 3142 951 3206 411044.
963 3149 1003 3193 21.
1014 3146 1036 3193 0
1046 3149 1210 3208 spectaculum

115 3203 158 3249 uni
167 3201 255 3248 Crasso
262 3200 403 3274 jucundum,
413 3201 499 3248 ceteris
510 3216 559 3248 non
569 3202 635 3250 item.
646 3209 671 3251 te
681 3206 786 3253 Crassus
796 3208 863 3264 414444
872 3223 888 3256 o
895 3211 1008 3271 spectode
1023 3211 1053 3268 uf
1055 3213 1175 3274 plectere,
1187 3218 1211 3261 to

114 3265 307 3326 ollotdersqmte
318 3264 466 3312 secrevere.
493 3264 508 3294 ⁴
520 3263 585 3313 Add.
598 3267 646 3315 14.
659 3268 808 3318 Tremeli.

569 3379 583 3440 1
593 3375 629 3424 11.
640 3376 749 3427 Irroem.

147 3461 172 3506 1.
182 3454 270 3504 itidem
280 3459 317 3500 est
325 3451 444 3509 similiter,
454 3452 482 3500 id
492 3460 538 3510 est,
549 3459 628 3505 444444
638 3461 714 3508 modo.
753 3461 804 3510 Cic.
818 3461 909 3511 Perse.
921 3479 943 3510 c.
952 3463 993 3513 22.
1004 3463 1211 3527 Temperantin'iu

112 3520 182 3570 rebus
198 3518 354 3567 incommodis
371 3525 408 3565 est
422 3517 508 3564 itidem
523 3518 621 3582 duplex.
637 3522 695 3571 ieie
705 3524 755 3572 lilce
765 3540 863 3573 mmuaer
872 3527 977 3586 twosold.
993 3528 1033 3576 14.
1044 3529 1059 3575 l.
1071 3534 1095 3577 8.
1106 3533 1136 3581 de
1148 3534 1211 3582 Nut.

115 3588 190 3635 Dee.
202 3598 224 3631 c.
233 3585 274 3631 24.
288 3580 354 3642 Quid
368 3597 411 3629 vos
427 3581 470 3629 ille
486 3582 590 3632 delectet
606 3587 736 3646 explicatio
747 3589 880 3636 fabularum
898 3599 924 3637 et
938 3592 1050 3638 enodatio
1067 3596 1211 3656 nominum3

113 3650 217 3714 ejectum
227 3661 242 3694 4
252 3645 302 3693 filio
313 3645 405 3694 Coelum
412 3662 419 3704 ;
436 3646 542 3695 vinctum
552 3648 636 3697 itidem
648 3666 662 3698 a
677 3651 727 3699 lilio
737 3654 882 3704 Satumuml
906 3654 944 3703 ld.
955 3656 972 3702 l.
986 3661 1010 3704 1.
1020 3657 1049 3704 de
1058 3659 1120 3719 Leg.
1131 3675 1152 3707 c.
1170 3664 1211 3708 10.

113 3714 150 3761 Ea
165 3727 219 3776 qnae
231 3716 325 3758 movent
335 3725 427 3768 sensus,
437 3710 522 3760 itidem
541 3722 636 3762 movent
652 3730 738 3764 sensus
754 3719 866 3765 omnium.
884 3721 944 3782 4144,
961 3720 987 3768 in
998 3720 1046 3769 11144
1060 3736 1168 3779 manner,
1184 3727 1211 3774 ia

111 3779 153 3828 ude
162 3791 225 3828 dame
234 3791 297 3839 way·
892 3790 901 3799 ”

476 3844 501 3890 2.
513 3840 672 3899 Itidem-eet
689 3843 844 3892 Itidem-ut.

145 3900 266 3965 Adsciscit
283 3924 364 3966 antem
380 3917 501 3965 interdum
519 3919 710 3982 conjunctionem
724 3927 756 3976 et,
770 3923 826 3969 alias
838 3928 874 3972 et.
906 3925 957 3973 Gie.
968 3926 986 3975 l.
997 3930 1021 3974 2.
1033 3929 1062 3976 44
1073 3927 1135 3989 Leg.
1148 3946 1170 3977 c.
1183 3935 1209 3981 2.

109 3980 287 4109 magidi?
302 3983 332 4028 ab
346 3981 431 4028 eodem
446 3988 471 4029 et
487 3983 574 4030 ceteris
588 3983 633 4031 diis
648 3984 821 4034 immortalibus
836 3994 892 4034 suut
906 3989 976 4037 nobis
990 3991 1077 4053 agendi
1090 3994 1208 4055 capienda

105 4167 1204 4210 ,mm-..mm

68 4251 70 4254 ’
139 4306 141 4310 ι
165 4245 289 4300 mmmm
299 4246 343 4299 hic
351 4261 402 4298 nou
412 4249 501 4302 hebere
512 4249 607 4304 videtur
622 4251 655 4304 ad
665 4259 688 4305 et
699 4269 756 4304 euru
762 4260 907 4330 respectum,
917 4271 991 4318 quem
1001 4258 1074 4308 husos
1081 4264 1145 4315 vste.
