2670 4636
165 211 208 271 ts
491 206 664 269 flottam
698 205 943 268 TURSELLINI
1124 205 1270 284 [attans

169 371 240 421 aliter
249 371 280 423 ad
290 379 316 421 te
326 370 431 437 scripsit,
447 378 473 421 et
483 371 515 421 ad
525 379 626 422 manem
635 372 666 422 de
681 371 739 430 tilio,
750 386 801 422 non
809 367 968 437 reprehendo.
984 368 1024 419 ld.
1035 367 1092 419 Art.
1100 369 1118 418 1.
1130 370 1171 417 11.
1180 382 1217 432 ep.
1228 371 1272 417 w.

166 435 233 486 mit
243 437 341 499 quidam
350 437 447 495 mutari,
465 436 487 486 si
506 437 576 487 aliter
594 445 633 486 est
643 445 670 486 et
679 443 783 502 oportet,
793 453 844 486 non
853 437 926 484 video
935 449 1017 498 possea
1033 433 1058 494 is
1065 435 1087 483 it
1102 434 1131 483 be
1142 434 1271 486 orm

166 502 226 552 dian
241 504 263 562 tt
277 503 362 553 should
374 504 408 553 be·
415 500 435 534 ¹³
456 503 540 561 ,Varro
550 503 582 554 Ι..
589 503 622 553 L.
633 503 650 551 1.
662 506 686 550 8.
697 519 719 551 c.
730 505 772 552 88.
783 502 868 567 (112.)
879 500 996 560 Quaedam
1006 499 1077 548 aliter
1087 497 1146 547 olim
1157 506 1184 547 et
1192 514 1272 549 nunc·

290 600 306 631 ⁸
318 602 358 648 la.
369 601 427 649 Noa
436 600 608 664 aliter-quia,
619 615 663 665 pro
674 615 722 648 non
731 601 804 650 aliter
814 614 884 664 qaum
894 605 929 655 ut,
941 597 1089 647 rarissimum
1099 604 1146 645 eet.

203 681 286 730 Coeaor
294 681 328 731 B.
337 681 369 730 G.
380 682 397 728 l.
407 685 431 730 7.
442 697 464 730 c.
475 684 515 731 14.
527 683 572 746 §d
581 680 744 730 Vehementer
755 680 810 729 huic
821 680 857 729 illi
867 681 922 728 loco
932 680 1058 736 timebant,
1074 695 1120 727 nec
1128 677 1183 742 jam
1197 677 1270 727 aliter

165 745 313 803 sentiebant,
326 745 384 809 quin
394 760 457 809 pene
468 745 642 795 circumvallati
651 745 799 795 viderentur.

412 842 427 872 '
439 846 479 892 19.
491 844 549 892 Non
558 845 631 895 aliter
642 860 697 895 cum
708 843 868 908 comparativo
878 857 909 891 ne
919 835 1028 892 imiteris.

200 931 300 981 Plinius
319 932 337 980 l.
347 939 372 980 et
389 949 411 980 c.
424 935 466 983 22.
482 929 620 995 Libidinem
636 949 686 982 non
703 935 774 982 aliter
788 934 865 998 magis
881 932 981 982 accendi
997 939 1093 997 putant,
1112 940 1186 996 quam
1200 939 1269 996 potu.

168 997 234 1047 1c1.
245 1001 285 1048 24.
295 1013 317 1046 c.
329 998 396 1048 11.l.
408 1000 449 1046 28.
459 1013 482 1046 c.
492 1003 516 1046 9.
528 999 545 1047 l.
556 1002 597 1048 87.
608 1014 630 1048 c.
641 1001 657 1047 2
668 1006 694 1047 et
703 1004 728 1050 4.
1087 1006 1090 1013 ’

580 1161 720 1212 *carui
759 1162 844 1210 xxrr.
915 1225 918 1231 .

541 1260 679 1331 Aurum,
693 1260 758 1320 eide
779 1255 892 1320 Aurei.

198 1353 335 1413 Aarurnr,
345 1356 414 1416 from
425 1357 526 1406 another
533 1358 608 1421 piace.
619 1357 675 1406 vide
686 1372 759 1428 supra
769 1372 823 1420 cap.
839 1355 921 1404 XVII.

631 1455 802 1505 Aliundcoiio.

170 1545 174 1554 ·
199 1531 283 1582 denec.
292 1533 364 1597 episi.
374 1537 414 1584 64.
433 1535 519 1583 Varius
538 1535 609 1584 nobis
626 1551 705 1583 sermo
725 1535 781 1592 tuit,
797 1541 826 1582 ut
840 1534 866 1582 in
883 1533 1000 1590 convivio,
1013 1534 1105 1582 nullam
1123 1551 1176 1584 rem
1192 1549 1268 1599 usque
1317 1529 1321 1538 ’

166 1595 198 1644 ad
208 1599 301 1646 exitum
311 1598 441 1657 adducens,
450 1599 493 1649 sed
505 1601 602 1649 aliunde
610 1601 658 1649 alio
667 1601 812 1649 transiliens.
813 1599 898 1664 flying
899 1600 967 1659 from
974 1614 1017 1649 one
1026 1600 1115 1661 suin'ect
1127 1605 1153 1649 to
1160 1602 1269 1651 another.

167 1661 252 1714 Hence.
262 1679 299 1728 cp.
309 1666 350 1714 87.
361 1664 470 1723 Q'uaestio
480 1667 672 1723 est,ananimua
684 1665 782 1715 aliunde
793 1664 998 1725 aliouanacet„
1321 1672 1323 1678 '

591 1828 707 1879 claua
738 1827 836 1898 xxur.

522 1928 573 1986 De
587 1928 772 1986 Pronomine
792 1927 910 1988 Aulus.

360 2052 372 2075 s
449 2034 473 2079 1.
484 2048 508 2080 a.
522 2030 596 2080 Alius
604 2045 648 2096 pro
659 2033 722 2082 ulter
729 2031 779 2080 rion
791 2033 851 2082 satis
861 2032 985 2082 usitatum.

198 2107 229 2159 P.
239 2109 272 2141 *⁸
284 2109 367 2160 Atros
377 2126 420 2174 pro
431 2112 501 2165 cite.
513 2112 681 2176 Taubnnanas
691 2111 722 2160 ad
734 2113 819 2162 Pluut.
829 2129 854 2176 p.
865 2117 921 2163 294.
941 2112 1090 2163 emove-r.
1099 2128 1121 2163 e.
1134 2115 1177 2160 12.
1194 2113 1270 2163 Siculi

166 2182 217 2223 nm
231 2182 257 2224 te
267 2176 311 2224 has
321 2177 431 2240 phaleras
445 2175 600 2225 aPhilarcho
611 2176 771 2240 Centruipino
782 2177 909 2227 abstulisse
921 2179 1042 2234 dicebant,
1052 2193 1125 2240 quam
1134 2178 1199 2226 alias
1210 2180 1271 2227 item

165 2240 260 2289 nobiles
274 2242 305 2289 ab
323 2240 408 2290 Aristo
418 2242 596 2298 Panormitano,
609 2256 681 2304 quam
696 2243 806 2291 tertiana
823 2242 940 2306 Cratippo
950 2243 1122 2308 Tyndaritano.
1156 2242 1171 2273 ⁴
1185 2245 1271 2294 Ctesur

167 2305 202 2426 g·
213 2306 247 2355 G.
257 2305 275 2353 l.
282 2312 342 2420 {ft
352 2307 365 2370 §
377 2309 401 2435 1).
415 2305 674 2356 secularitatis.
686 2306 890 2357 malacae.
902 2306 972 2372 (add.
985 2309 1070 2357 Groeo.
1082 2305 1115 2355 ad
1128 2308 1182 2356 Cic.
1191 2324 1228 2358 or.
1239 2311 1270 2360 ud

192 2369 240 2419 air.
247 2385 275 2434 p.
327 2385 349 2420 c.
359 2375 383 2419 t.

365 2471 392 2524 β.
402 2465 473 2518 Alius
483 2483 527 2532 pro
536 2469 599 2518 ulter
610 2468 640 2517 de
650 2469 723 2518 rebus
734 2469 852 2518 similibus
863 2468 1010 2517 rarissimum
1019 2477 1067 2518 est.

198 2545 272 2623 Alias
281 2562 325 2624 pro
335 2548 397 2598 ulter
407 2549 505 2611 ponitur
519 2564 569 2597 non
584 2549 662 2598 solum
674 2566 729 2599 cum
740 2551 770 2599 de
781 2550 864 2599 ordine
875 2565 953 2599 sermo
964 2543 1010 2606 est,
1029 2549 1160 2598 sedetiam
1171 2567 1228 2600 curn
1239 2550 1270 2599 de

164 2611 323 2662 similitudine
334 2628 427 2662 morum
438 2622 463 2661 et
473 2615 599 2662 factorum.
618 2616 686 2664 Suet.
700 2616 749 2665 Tit.
759 2631 781 2664 c.
794 2621 818 2665 7.
833 2615 916 2663 Titum
925 2616 1051 2678 propalam
1060 2613 1135 2662 alium
1147 2616 1271 2665 Neronem

165 2684 192 2726 et
202 2678 361 2743 opinabantur
370 2686 396 2728 et
406 2678 577 2743 praedicabant.
609 2680 665 2730 Tac.
679 2682 696 2729 l.
707 2685 732 2730 4.
750 2679 807 2730 bisi.
822 2696 844 2728 c.
856 2684 897 2729 78.
909 2683 955 2744 44.
968 2682 1038 2729 Cart.
1047 2679 1064 2726 l.
1076 2682 1100 2727 9.
1111 2697 1133 2728 c.
1145 2684 1193 2746 tlt
1205 2687 1232 2732 ὁ.

443 2774 458 2806 ⁴
469 2777 494 2824 2.
509 2775 582 2827 Alius
592 2791 635 2840 pro
646 2777 767 2842 reliquam
777 2777 832 2827 Alii
841 2792 885 2842 pro
894 2776 989 2840 reliqui.

197 2856 497 2922 Aiiueprorc‘ousnon
512 2857 654 2906 inusitatum
664 2865 710 2909 est.
740 2859 802 2906 Coee.
814 2860 848 2907 Β.
862 2858 895 2907 G.
907 2858 924 2905 l.
936 2861 959 2904 1.
969 2873 991 2904 ο.
1002 2859 1102 2922 4114.
1127 2857 1212 2907 Caesar
1222 2859 1269 2907 Di-

67 2979 69 2983 *
164 2921 359 2972 vitiacoexaliis
395 2923 589 2971 allismaximam
599 2922 671 2971 tidem
688 2924 799 2972 habebat.
814 2929 860 2985 put
875 2938 939 2972 more
949 2922 1081 2987 confidence
1091 2923 1118 2972 in
1130 2925 1272 2974 Diviciacus

165 2988 224 3037 tisun
234 2989 261 3037 isa
271 3003 319 3052 any
328 2989 357 3050 os
364 2988 404 3037 tte
419 2992 469 3036 reat
484 2987 513 3045 of
527 2987 567 3035 tlte
581 2988 667 3038 Gaulo.
688 2988 772 3037 Lts.1.
784 2991 809 3037 2.
825 3003 846 3036 c.
859 2990 899 3036 13.
915 2987 1023 3034 Porsena
1039 2995 1147 3036 oratores
1164 2988 1270 3038 Romam

164 3051 273 3110 misitad
283 3051 394 3103 Cloeliam
403 3050 513 3101 obsidem
523 3050 714 3113 deposcendum:
737 3053 797 3100 alias
811 3052 876 3101 haud
891 3052 1071 3115 magnifacere.
1105 3054 1174 3102 Idem
1185 3056 1202 3102 l.
1213 3058 1238 3104 2.
1249 3071 1270 3104 c.

166 3119 207 3165 28.
219 3117 235 3165 Ι.
244 3122 305 3170 5.,ο.
317 3121 357 3164 tt.
366 3116 384 3163 1.
394 3119 418 3164 7.
428 3114 451 3164 ε.
462 3119 493 3164 19
505 3123 531 3163 et
541 3119 582 3164 26.
594 3117 611 3164 1.
622 3125 649 3165 et
659 3132 680 3165 c.
688 3120 711 3165 8.
724 3117 740 3162 l.
751 3121 792 3166 41.
801 3132 824 3164 c.
835 3118 875 3164 18.

198 3180 272 3230 Alius
290 3195 334 3243 pro
352 3182 466 3235 dicutur,
488 3180 630 3237 contrarius,
653 3181 812 3230 adversarius.
848 3181 916 3231 Gaii.
936 3182 1054 3232 Conteris
1074 3182 1133 3231 Vcr.
1149 3183 1205 3233 lect.
1216 3186 1234 3234 l.
1245 3189 1269 3234 1.

165 3261 188 3294 c·
199 3248 239 3294 10.
248 3246 344 3295 Statius
355 3246 385 3292 de
397 3239 541 3309 Hypsipyle,
551 3244 678 3307 repentino
686 3252 741 3307 post
752 3243 858 3291 dolorem
868 3245 956 3308 gaudio
965 3248 1070 3310 perfusa,
1080 3247 1115 3294 sic
1123 3246 1170 3296 ait:
1186 3247 1270 3314 Atque

165 3309 213 3360 alio
223 3311 367 3360 maduerunt
377 3309 468 3359 lumina
477 3310 545 3356 fletu.
556 3310 660 3358 Plautus
669 3309 696 3356 in
707 3309 841 3359 Mostellar.
852 3312 876 3358 1.
886 3314 910 3360 4.
922 3313 963 3358 20.

392 3407 440 3458 Jus
449 3420 522 3454 nemo
532 3405 631 3468 adaeque
640 3390 769 3468 juventute
781 3407 889 3454 exomni
901 3407 985 3456 Attica

394 3472 505 3520 Antehac
516 3476 555 3518 est
565 3471 660 3518 babitus
672 3485 766 3534 parcus,
777 3487 822 3519 nec
833 3473 910 3536 magis
921 3474 1057 3522 continens.

394 3537 420 3585 Is
430 3551 494 3585 nunc
504 3535 530 3583 in
542 3535 614 3584 aliam
624 3534 716 3598 partem
727 3537 831 3598 palmam
840 3537 957 3600 possidet.

163 3652 231 3702 Ado.
244 3653 339 3702 Lentui.
351 3651 368 3697 1.
380 3653 421 3699 12.
431 3650 501 3699 Fam.
512 3648 580 3713 epist.
592 3653 631 3699 14.
642 3649 771 3712 Cupiditas
778 3651 883 3714 partium
894 3650 1002 3698 aliarum.
1013 3652 1057 3700 dc.
1071 3653 1272 3705 adversariarum.

163 3719 309 3782 sepult.
322 3716 392 3765 Fam.
404 3719 469 3778 opt.
482 3715 496 3776 ς
508 3717 548 3763 17.
560 3713 621 3767 Noli
628 3714 819 3771 committerent
828 3716 956 3778 quisquam
965 3724 990 3763 te
1001 3723 1073 3779 putet
1079 3734 1129 3766 non
1137 3722 1272 3770 tamfiliam

163 3797 236 3846 quam
245 3781 305 3844 reip.
315 3787 424 3841 tempora
434 3786 460 3825 et
468 3777 570 3826 aliorum
579 3779 705 3827 victoriam
714 3780 805 3842 lugere.
825 3781 908 3844 (Idem
918 3780 950 3828 ib.
961 3780 978 3829 l.
988 3789 1012 3828 et
1018 3796 1053 3844 ep.
1061 3785 1085 3830 2.
1098 3783 1188 3847 Neque
1199 3786 1270 3849 quic-

163 3860 237 3909 quam
246 3845 313 3894 aliud
323 3859 338 3893 a
347 3844 458 3892 libertate
469 3844 597 3893 communi.
608 3843 651 3892 ubi
661 3843 735 3892 etiam
746 3844 831 3892 eadem
842 3844 996 3902 constructio,
1008 3861 1062 3909 quae
1079 3863 1134 3896 esse
1151 3851 1217 3898 solet
1226 3853 1272 3902 reia

174 4104 176 4109 -
196 4067 218 4101 ¹³
225 4069 355 4120 Lambinus
364 4067 462 4132 reponit
470 4071 549 4129 utque,
558 4069 600 4115 sed
608 4075 680 4114 vetus
688 4067 785 4128 quidam
793 4067 871 4114 codex
882 4067 994 4118 habetet.
1011 4069 1052 4118 De
1062 4071 1157 4134 reliquo
1165 4076 1270 4126 aliterin

167 4135 283 4186 Varronis
293 4143 319 4182 et
329 4133 423 4181 duobus
437 4132 554 4181 Tullianis
562 4132 681 4194 exemplis
691 4132 842 4181 Focciolutus
849 4131 903 4178 vult
911 4143 967 4194 post
974 4135 1168 4200 etsubintelligr',
1180 4149 1272 4202 praeter

162 4198 340 4257 executatem,
360 4204 387 4245 et
395 4204 425 4245 ut
434 4196 526 4260 aliquid
536 4197 622 4245 saltem
631 4211 729 4245 monere
741 4196 848 4259 potuisse
864 4195 981 4247 videatur.
1014 4200 1092 4258 Quasi
1102 4218 1160 4253 vem
1170 4212 1195 4256 ιε
1205 4222 1270 4256 nun.

163 4279 236 4328 quam
245 4278 288 4328 pro
298 4279 327 4314 ac
336 4264 377 4311 vel
388 4277 458 4326 quom
467 4268 579 4326 ponatur.
612 4261 710 4312 Scilicet
720 4261 810 4310 nodum
821 4260 846 4309 in
857 4261 943 4324 scirpo.
