2670 4636
30 226 34 233 ·
178 234 240 294 aas
499 235 673 298 acarna
701 234 946 301 ransitum
1142 208 1283 323 [m.

179 393 249 444 dines
260 411 275 445 a
290 396 377 446 nostris
388 397 572 464 magistratibus,
582 408 654 466 atque
664 402 690 450 iu
699 401 787 450 aostms
801 392 930 467 porinciis
945 402 1128 468 impendebant.
1161 403 1219 456 lla.
1230 405 1250 454 l.
1257 409 1284 456 6.

180 476 203 511 c.
214 464 255 510 46.
266 470 291 509 at
300 463 318 512 l.
330 466 371 512 33.
381 480 403 513 c.
414 469 454 514 14.
490 469 530 514 64.
546 466 647 516 Sallust.
657 468 717 528 Jug.
729 483 751 516 c.
764 471 804 517 31.
816 524 818 529 ,

211 524 267 574 Huc
285 528 347 575 reler
363 543 446 591 parum
496 530 661 580 ierem-atsi.
695 532 750 581 siv.
772 532 789 582 l.
805 535 846 582 42.
862 548 885 581 c.
902 536 926 580 3.
940 532 1067 598 Templum
1086 534 1283 600 augustissimum

74 608 84 617 ·
178 591 283 654 regionis
292 592 342 657 ejus
351 593 439 642 violare
450 609 535 658 param
545 596 629 644 habuit
638 611 730 652 censor,
741 596 789 645 nisi
799 596 930 646 deteximet
938 595 1000 647 ioe⁰de
1017 614 1045 648 ac
1055 614 1130 664 prope
1140 600 1265 650 diruisset.

612 692 705 743 Parum
714 699 759 753 est,
768 695 839 759 qued.

213 770 266 819 cir.
274 785 317 835 pro
328 771 399 822 Sext.
409 788 431 821 c.
443 776 483 825 14.
499 773 619 823 Parumne
628 783 675 830 est,
685 775 749 831 Piso,
760 776 823 838 quod
832 783 925 825 matum
935 776 1043 826 homines
1052 775 1168 833 fefellisti,
1178 782 1207 825 nt
1217 764 1293 828 ceti¹

175 832 274 884 nunu
282 833 393 897 enouglsi
412 836 507 886 Terent.
521 839 620 895 Pluma.
630 843 654 889 3.
664 844 689 889 3.
706 841 753 888 Sed
764 855 878 904 parumne
886 851 932 900 est,
939 843 1004 907 quod
1015 841 1125 890 omnibus
1133 856 1199 890 nunc
1207 839 1280 889 nobis

174 906 299 949 succenset
307 901 400 950 senex?
434 901 526 951 *And
536 903 739 953 11616636.
1092 901 1123 945 '-

605 1000 638 1030 ⁶'
650 1002 742 1051 Parum
751 1008 796 1056 est,
806 1008 842 1052 ut.

173 1072 277 1192 sept?
287 1079 355 1130 Plis.
365 1081 460 1145 Paseg.
477 1080 565 1130 Parum
582 1088 626 1139 est,
644 1089 671 1130 at
687 1082 714 1130 in
729 1083 816 1132 sunem
835 1082 927 1140 venius,
943 1082 991 1132 nisi
1001 1097 1120 1133 convoces
1136 1089 1163 1133 et
1180 1081 1275 1134 intersis

222 1158 236 1192 a
264 1159 279 1192 1.

585 1275 695 1327 CAPUT
717 1276 828 1326 CLXXI.

377 1392 425 1452 De
440 1387 597 1453 Aduerlr'is
607 1376 799 1461 P'aaumrea
812 1402 841 1454 et
856 1393 1060 1454 Psanrsrna.

201 1523 214 1587 §
226 1521 249 1571 Ι.
267 1526 291 1571 1.
309 1521 462 1570 Parnasso
473 1536 506 1569 cx
514 1536 597 1586 parum
608 1521 756 1580 factumest,
768 1523 812 1572 sed
822 1523 854 1571 ad
864 1530 957 1586 tempus
968 1521 1185 1572 adcommodatum.
1219 1524 1273 1575 Gis.

169 1588 188 1635 Ι.
200 1590 259 1636 Me
270 1589 340 1637 Orat.
347 1603 369 1634 c.
377 1590 417 1635 30.
434 1586 559 1635 Herceum
570 1586 671 1636 Crassus
681 1587 790 1644 dixisset,
800 1603 925 1652 parumper
932 1589 985 1651 ipse
998 1587 1114 1635 conticuit
1121 1594 1148 1635 et
1158 1594 1272 1638 cntemm

169 1651 292 1705 silentium
307 1651 361 1700 luit.
377 1653 406 1701 le
416 1667 466 1700 scus
480 1652 552 1701 sileat
562 1668 578 1700 a
592 1654 655 1702 little
666 1653 745 1702 while·
778 1654 819 1702 Id.
835 1654 891 1703 1.1.
909 1654 938 1703 de
951 1653 1036 1702 Dinia.
1052 1667 1075 1700 c.
1090 1655 1132 1701 23.
1163 1653 1273 1703 Discedo

168 1731 296 1780 parumper
307 1733 322 1766 a
332 1717 439 1772 somniis,
449 1716 481 1763 ad
491 1731 544 1778 quae
559 1730 616 1763 mox
632 1724 746 1766 revertar·
779 1719 818 1766 Ia.
836 1720 866 1767 de
885 1716 963 1768 Amic·
980 1732 1002 1765 o.
1014 1721 1038 1766 1.
1054 1716 1092 1765 Tu
1109 1717 1182 1766 velim
1200 1733 1216 1768 a
1231 1733 1272 1766 rue

168 1781 276 1830 animum
286 1797 412 1846 parumper
421 1789 522 1829 evertas.
553 1781 568 1811 ⁶
575 1781 639 1829 Add.
651 1783 667 1833 Ι.
677 1787 702 1831 9.
710 1781 765 1832 Att.
776 1797 813 1845 ep.
821 1785 846 1830 3.

590 1883 614 1927 2.
631 1881 772 1944 Parumper,
783 1882 847 1930 dum.

199 1962 325 2011 Interdum
343 1960 457 2010 adsciscit
475 1962 540 2010 dum.
573 1961 656 2009 Plaut.
669 1961 792 2024 Amphitr.
813 1967 837 2010 2.
848 1966 872 2010 2.
890 1961 920 2008 Id
929 1961 985 2026 ipss
994 1961 1024 2009 de
1035 1976 1075 2009 me
1092 1959 1151 2018 scio,
1167 1960 1207 2009 oui
1225 1975 1270 2010 vo·

165 2027 245 2091 luptas
255 2042 382 2090 parumper
393 2025 449 2073 data
458 2033 503 2081 est,
512 2025 569 2073 dam
579 2025 624 2073 riri
632 2025 682 2074 mei
691 2027 752 2075 mihi
762 2032 866 2090 potestas
877 2026 976 2073 uidendi
991 2025 1046 2073 fuit.
1081 2026 1174 2076 resur.
1184 2025 1269 2076 Andr.

164 2096 190 2140 4.
200 2096 225 2140 2.
263 2091 328 2140 Duru
346 2105 414 2146 exeo,
433 2105 560 2154 parumper
577 2092 687 2153 opperire
704 2105 743 2138 me
761 2091 810 2140 hic.
826 2091 885 2141 erait
897 2091 943 2150 for
957 2106 994 2140 me
1009 2106 1025 2140 a
1041 2089 1105 2141 little
1115 2089 1266 2142 alludere.

165 2156 181 2186 t
189 2155 254 2204 eda.
269 2157 324 2205 Lis.
335 2154 351 2203 l.
362 2160 386 2204 4.
400 2169 421 2203 e.
430 2158 471 2203 32.
487 2155 585 2204 Sueten.
597 2157 660 2204 Ner.
670 2172 693 2204 c·
703 2159 745 2206 48.

556 2251 605 2301 ·s.
623 2253 882 2316 remmus-aenae.

196 2335 252 2384 bio.
262 2335 281 2382 l.
291 2339 315 2383 2.
327 2351 349 2382 c.
360 2337 400 2383 60.
417 2332 480 2382 Cum
490 2331 526 2380 his
536 2332 638 2396 primam
649 2332 748 2396 periculi
759 2331 887 2396 procellam
903 2347 1031 2397 parumper
1040 2332 1155 2382 sustinuit
1165 2331 1267 2401 Cocles,

64 2466 69 2473 Ι
164 2397 251 2467 deiude
262 2415 304 2449 eos
314 2413 409 2466 quoque
418 2399 485 2463 ipsos
494 2403 539 2447 etc.
561 2399 600 2447 ld.
611 2397 628 2445 l.
639 2401 679 2446 31.
689 2414 710 2447 c.
719 2401 759 2447 39.
793 2397 892 2447 Sueten.
905 2398 976 2448 Gala
988 2413 1010 2447 c.
1024 2400 1063 2448 19.

578 2510 639 2575 §ll
655 2516 679 2561 1.
695 2527 851 2561 recursurus.

196 2609 324 2686 Paulisper
340 2610 437 2672 apaulo
455 2606 544 2656 dictum
557 2605 623 2655 idern
642 2614 687 2670 est,
702 2607 767 2670 qnod
780 2623 916 2672 parumper,
937 2610 998 2658 Caes.
1016 2609 1050 2658 Β.
1064 2610 1095 2657 C.
1111 2610 1129 2658 l.
1147 2614 1172 2660 3.
1187 2621 1211 2659 e.
1222 2615 1264 2662 61.

161 2676 210 2725 Hic
226 2676 348 2739 paulisper
364 2682 402 2722 est
419 2679 557 2736 pugnatum.
591 2672 693 2722 Sallust.
707 2674 770 2734 Jug·
786 2689 809 2722 c.
826 2677 867 2722 49.
895 2671 1003 2738 Cognitis
1019 2672 1123 2730 insidiis,
1137 2675 1263 2741 paulisper

161 2756 247 2805 agmen
257 2739 374 2790 constitit.
389 2739 430 2788 tle
444 2745 523 2800 troops
536 2737 616 2786 ltalted
633 2754 648 2784 a
664 2738 727 2785 little
743 2737 821 2786 mliu-
855 2738 934 2786 Cios
949 2738 1101 2788 Verr.c.18.
1117 2738 1214 2788 Abesse
1231 2741 1262 2790 ab

160 2806 231 2854 domo
250 2804 371 2869 paulisper
387 2803 482 2859 maluit,
497 2817 567 2864 quarn
587 2816 693 2864 presens
707 2801 769 2850 illud
785 2801 874 2866 optime
892 2801 982 2850 iactum
1000 2815 1123 2865 argeutum
1141 2805 1262 2855 amittere.

159 2872 223 2922 laia.
235 2886 257 2918 o.
268 2875 310 2920 24.
338 2869 434 2916 Lectica
444 2868 564 2930 paulisper
574 2865 695 2929 deposita,
712 2866 816 2915 ostiatim
825 2873 903 2914 totum
917 2867 1032 2931 oppidum
1046 2869 1195 2930 compilavit.

564 2964 579 2992 ⁸
590 2969 614 3013 2.
631 2964 767 3028 Paulisper,
778 2967 859 3014 donee.

191 3050 247 3099 Lis.
257 3049 275 3096 l.
287 3049 328 3095 38.
340 3062 361 3094 c.
377 3050 418 3095 26.
435 3043 504 3092 Sedit
513 3045 641 3107 imperator
657 3045 741 3093 tacitus
760 3046 888 3109 paulisper,
904 3045 980 3094 donec
994 3045 1136 3095 nunciatum
1153 3054 1200 3105 est,
1217 3047 1260 3096 de·

157 3115 241 3164 ductos
251 3114 278 3160 in
287 3112 364 3161 iorum
376 3117 469 3158 autores
479 3109 614 3168 seditionis,
624 3116 651 3157 et
660 3117 744 3187 parata
753 3111 804 3174 jem
815 3110 893 3158 omnia
904 3125 968 3160 esse.

586 3212 610 3256 3.
628 3209 762 3272 Paulisper,
773 3209 836 3256 dum.

189 3289 318 3352 Paulisper
329 3303 423 3350 qnoque
434 3287 491 3336 item
502 3295 529 3334 ut
538 3303 664 3351 parumper
681 3289 780 3336 assumit
797 3292 863 3338 dum.
896 3289 948 3337 Cic.
962 3305 1007 3352 pre
1023 3289 1081 3338 Mil.
1097 3306 1119 3337 c.
1135 3293 1177 3339 16.
1193 3289 1257 3338 Milo

155 3356 286 3420 paulisper,
299 3353 356 3400 dura
367 3368 394 3400 se
405 3367 473 3417 uxor,
486 3363 512 3400 nt
522 3352 557 3408 lit,
569 3363 698 3415 comparat,
707 3360 811 3401 moratas
821 3360 866 3401 est.
900 3355 983 3403 Plaut.
995 3354 1051 3405 Mil.
1061 3358 1087 3403 2.
1099 3357 1123 3403 2.
1132 3357 1175 3403 41.
1192 3354 1256 3404 Peu-

154 3423 230 3487 lisper
240 3416 303 3475 tace,
318 3419 376 3466 dam
387 3432 433 3480 ego
446 3418 611 3490 mihiconsilio
623 3419 650 3465 iu
665 3417 767 3465 animum
778 3433 892 3468 convoco.
908 3417 987 3469 'Add
999 3419 1055 3468 Lim
1066 3419 1135 3468 127.
1147 3435 1170 3468 c.
1180 3423 1224 3468 31.

613 3522 637 3567 4.
654 3516 800 3566 Admonitio.

186 3601 288 3663 Quoties
296 3598 408 3662 exiguum
426 3607 521 3663 tempus
538 3598 691 3662 significatur,
706 3614 755 3648 non
763 3614 847 3664 parum
863 3606 904 3647 aut
909 3599 1014 3661 paulum,
1029 3597 1073 3645 sed
1084 3612 1214 3662 parumper
1230 3606 1255 3647 et

150 3670 270 3784 guttum
286 3664 334 3714 dici
355 3666 426 3716 solet.
459 3665 545 3728 Itaque
556 3665 686 3722 nondices,
703 3671 802 3730 expecta
813 3663 961 3729 parum‚sed
975 3677 1102 3727 parumper
1111 3671 1138 3710 et
1151 3679 1253 3729 perpes-

180 3750 232 3799 pm
556 3810 571 3840 ⁶
583 3814 607 3857 5.
625 3812 847 3874 Paulisper-mom.

148 3894 318 4008 callidii&
327 3911 352 3943 c.
363 3899 388 3944 2.
404 3891 497 3941 Montis
508 3891 636 3940 altitudine
651 3892 773 3956 paulisper
792 3907 817 3939 se
832 3892 913 3948 tutati,
929 3904 987 3939 mox
997 3889 1023 3937 iu
1034 3888 1183 3939 deditionem
1194 3906 1250 3941 con·
1294 3966 1298 3973 Ι

554 4071 590 4134 *3
602 4067 652 4116 ΙΙΙ.
665 4074 688 4117 1.
706 4084 853 4118 renuerim.

181 4164 304 4220 Paulatim
314 4165 440 4239 ¹respoudit
450 4166 555 4242 Anglico¹
565 4167 596 4242 lp
606 4165 670 4215 little
680 4169 728 4214 aaa
743 4167 816 4222 little,
826 4165 856 4229 by
866 4167 971 4226 degrees,
979 4165 1116 4241 gradamly.
1133 4163 1247 4240 16612.

135 4250 159 4282 c.
170 4239 196 4283 ὅ.
212 4229 299 4280 Insula
309 4229 369 4278 inde
383 4229 511 4294 paulatum,
523 4239 548 4282 et
557 4232 621 4291 urie,
635 4230 746 4294 quereri
756 4239 846 4280 temere
856 4229 944 4279 flumen
953 4230 1038 4280 eodem
1050 4235 1163 4286 invectus,
1179 4230 1250 4278 tactu.
1320 4266 1323 4275 .

80 4332 83 4336 -
126 4299 209 4351 Paret.
223 4296 241 4350 l.
256 4302 313 4350 l·c.
325 4301 366 4350 ru.
376 4297 391 4362 §
403 4300 428 4348 3.
