2670 4636
93 247 140 289 sc
154 235 185 288 et
200 230 325 304 arens]
448 223 505 283 DE
536 221 779 283 PARTICULIS
799 231 858 283 etc.
1152 224 1189 283 21

94 392 193 457 gevlsus
203 390 281 439 mittit
289 393 335 442 cet.
346 388 404 454 (pro
414 402 442 438 66
451 387 499 437 eibi
513 391 531 439 t.
541 402 568 436 a.
584 386 649 449 quod
666 386 798 436 6666616666
809 384 866 433 addi
880 384 985 441 volebat,
1001 385 1043 434 alii
1059 384 1193 449 elegantius

92 456 176 505 omitti
185 455 307 518 censent.)

449 532 475 558 ⁸⁹
484 538 510 583 4.
520 532 600 597 Atque
611 532 765 596 geminatum,
775 538 803 579 ut
813 536 845 581 et.

130 618 212 682 Atque
222 615 323 682 apoitis
339 613 462 680 geminari,
480 614 538 676 quin
554 621 579 661 et
599 613 713 676 triplicari
729 613 797 660 soler.
823 612 889 675 Virq.
903 612 955 662 Ecl.
969 617 993 660 6.
1011 629 1035 660 v.
1047 616 1089 662 28.
1109 613 1192 679 Atque

92 682 163 733 Deos
178 691 251 746 atque
267 690 332 731 astra
346 689 417 729 vocat
430 679 537 728 crudelia
546 686 630 726 mater.
655 679 720 727 Iul
734 678 825 740 Georg.
841 693 864 726 v.
875 681 933 726 468.
949 675 1030 740 Atque
1042 677 1105 727 Geta
1119 687 1192 744 atque

94 749 203 804 Hebrus,
214 756 287 811 atque
298 746 384 794 Actias
399 744 518 809 Orithyia.
550 743 632 793 Hutlr.
647 743 770 792 Gordiani.

563 854 575 879 '
586 862 611 905 6.
625 856 663 905 Ac
673 870 728 905 non.

130 943 169 993 Ac
178 957 226 992 aaa
235 957 269 990 sar
287 941 449 1006 eponendum
459 947 505 994 est,
515 953 561 986 nec
572 944 653 1001 potest
662 944 752 986 temere
763 937 851 985 mutari
861 937 886 985 in
905 953 956 988 aec.
992 939 1044 989 ce.
1055 944 1070 988 6
1086 939 1156 989 Verr.
1168 955 1191 989 c.

95 1012 139 1057 ³⁰.
159 1007 248 1056 Putate
260 957 368 1070 ripronio
384 1005 473 1058 datam,
485 1005 503 1051 si
513 1001 679 1066 Apronianum
689 1001 805 1050 lucellum
816 1018 843 1050 66
854 1018 902 1050 666
913 1003 1025 1066 pretoria
1034 1003 1114 1066 praede
1124 1004 1193 1053 vobis

95 1073 229 1121 videbitur.
243 1073 280 1121 ld.
291 1072 352 1121 166.
362 1075 403 1120 47.
411 1078 436 1118 et
448 1074 463 1117 8
478 1069 546 1118 Vera.
555 1084 577 1116 c.
586 1072 626 1116 31.
639 1067 900 1129 7616666666.
912 1074 938 1115 et
945 1083 989 1130 pro
1000 1069 1071 1118 Dom.
1083 1086 1105 1117 6.
1115 1074 1156 1118 60.
1167 1075 1193 1116 et

96 1139 192 1188 Parcit.
206 1154 229 1186 c.
241 1142 281 1186 82.
300 1137 364 1185 166
379 1137 446 1184 Vere.
457 1149 479 1180 c.
487 1138 527 1182 78.
540 1134 701 1190 Quamobrem
712 1133 790 1179 scriba
799 1133 909 1189 deducat,
919 1149 946 1181 ac
956 1148 1005 1180 non
1014 1133 1096 1198 potius
1106 1135 1191 1190 multo,

95 1203 140 1266 qui
147 1203 283 1262 eddurerit,
294 1200 448 1248 tabellarius?
467 1204 492 1246 et
507 1202 523 1246 6
539 1199 607 1248 Verr.
618 1215 640 1247 c.
651 1202 690 1247 65.
700 1199 789 1246 Postea
799 1199 942 1257 decernitur,
954 1214 982 1247 ec
999 1215 1048 1247 non
1063 1199 1137 1256 varie,
1148 1198 1193 1247 sed

94 1283 173 1363 prope
184 1266 320 1331 conjunctis
329 1265 463 1314 sententiis.

441 1362 454 1387 ⁰
465 1367 489 1412 6.
500 1361 580 1426 Atque
590 1375 636 1410 aon
645 1360 791 1408 rarissimum
801 1368 848 1408 est.

129 1445 229 1494 Plinius
239 1445 257 1493 l.
271 1451 296 1494 7.
317 1461 339 1493 6.
349 1449 390 1493 26.
407 1443 489 1493 Caesar
500 1443 564 1507 apud
575 1442 697 1506 Thapsum
708 1441 815 1506 Scipioni
825 1441 906 1490 literas
921 1443 1083 1492 concremavit
1095 1442 1191 1507 optime

96 1510 163 1577 fidei,
174 1517 248 1574 atque
259 1526 306 1558 non
316 1510 386 1573 legit.

234 1607 246 1633 ⁸
257 1613 281 1657 7.
291 1607 329 1657 Ac
339 1607 411 1657 etium
425 1607 477 1654 siue
486 1606 634 1670 interpositis
644 1605 766 1654 vocabulis
780 1619 843 1668 pene
852 1605 992 1654 inusitatum
1007 1611 1051 1655 est.

128 1690 198 1739 Suet.
220 1689 312 1737 Coeeur.
328 1704 350 1736 c.
361 1693 403 1738 26.
414 1686 515 1736 Tirones
529 1704 573 1752 per
590 1687 683 1750 equites
694 1685 827 1749 Romanos,
838 1703 865 1734 ec
877 1687 950 1734 etiam
960 1703 1003 1750 per
1013 1687 1140 1736 Senatores
1155 1703 1191 1737 et·

94 1769 188 1830 morum
207 1753 542 1831 ρ66116666661666ῑᾯ6666.
563 1753 600 1802 rt.
614 1769 636 1800 c.
647 1757 731 1828 ⁵⁵2⁶t
745 1750 851 1828 August.
872 1757 946 1828 612.
962 1752 1024 1812 (Sed
1039 1752 1066 1799 io
1081 1752 1118 1799 bis
1133 1752 1193 1802 locis

94 1816 1193 1947 666666666666666666616·622·

398 1997 410 2022 ⁶
421 2003 446 2048 8.
459 1998 540 2062 Atque
550 2013 594 2061 pro
604 1998 696 2055 statim,
708 1997 830 2060 poeticum
840 2004 885 2044 est.

128 2079 163 2128 V.
171 2078 286 2130 seuam
295 2080 410 2130 observet.
417 2080 490 2130 Po'e't.
500 2081 519 2127 l.
527 2085 551 2129 2.
562 2096 584 2127 6.
592 2085 632 2129 24.
648 2079 736 2142 (Atqui
747 2079 821 2139 habet
831 2079 902 2126 etiam
916 2078 967 2126 Cic.
978 2079 1008 2127 de
1018 2079 1065 2140 leg.
1075 2078 1092 2125 1.
1101 2081 1125 2126 2.
1137 2093 1159 2127 6.
1166 2080 1192 2128 4.

94 2147 117 2194 61
128 2145 154 2193 in
163 2145 202 2208 jos
213 2155 290 2202 vocat,
301 2152 373 2208 atque
384 2153 432 2194 eat.
449 2144 499 2192 vid.
510 2151 598 2207 preter
613 2143 774 2193 1166166616.
788 2145 806 2193 1.
825 2145 901 2192 Groa.
918 2143 949 2190 ed
964 2144 1020 2192 Ia'e.
1035 2143 1050 2192 1.
1060 2147 1100 2192 26.
1118 2144 1140 2191 c.
1150 2147 1192 2194 62.

96 2212 192 2261 Duker.
203 2217 229 2258 et
239 2211 365 2261 braama.
375 2211 405 2258 ad
415 2211 470 2259 Lio.
479 2211 497 2259 l.
508 2215 549 2259 27.
561 2227 582 2258 6.
592 2210 646 2274 21.)

227 2304 239 2332 ⁰
251 2306 326 2372 5111.
339 2312 364 2357 1.
375 2308 413 2358 Ac
423 2322 527 2371 qaoque3
542 2309 599 2364 aad,
614 2308 662 2356 nael
674 2322 749 2364 coetu
764 2307 791 2354 in
804 2305 922 2371 principio
933 2313 958 2353 et
967 2305 1058 2354 medio.

130 2388 248 2438 0616661.
263 2393 289 2438 2.
311 2405 333 2438 6.
343 2395 368 2439 2.
387 2388 426 2438 Α6
444 2389 573 2441 lumbricos
589 2404 686 2452 quoque
701 2389 794 2451 aliquos
810 2389 854 2436 sub
870 2387 918 2436 fine
937 2389 1013 2437 morbi
1028 2384 1210 2449 descendisse,=

95 2453 323 2568 ἷὶἓϋςηῗὲθῒὲηέιξ.
332 2455 349 2501 l.
361 2460 385 2504 2.
399 2471 420 2502 6.
428 2458 452 2503 6.
469 2455 486 2501 1.
494 2459 519 2503 8.
532 2470 557 2502 6.
568 2459 609 2503 28.
621 2462 646 2500 et
656 2455 673 2501 l.
685 2460 710 2502 6.
720 2470 741 2501 c.
752 2456 792 2502 26.
804 2460 866 2501 extr.
877 2460 901 2500 et
913 2452 930 2503 l.
941 2458 965 2503 7.
977 2469 998 2501 6.
1011 2458 1051 2502 18.
1070 2453 1193 2502 0616666611.

389 2617 404 2645 ’
411 2621 435 2665 2.
443 2618 525 2680 Atque
535 2618 607 2667 etiem
614 2617 640 2665 in
651 2616 769 2681 principio
780 2623 805 2664 et
816 2617 903 2664 medin.

128 2696 209 2760 Atque
220 2697 292 2746 etium
304 2697 372 2745 valde
384 2697 494 2746 usitatum
506 2705 550 2746 est.
573 2699 625 2747 Cic.
639 2700 668 2747 do
682 2698 735 2763 Off.
746 2697 763 2746 1.
774 2702 798 2746 l·
813 2714 836 2746 6.
847 2702 888 2747 26.
899 2696 980 2762 Atque
990 2696 1060 2746 etiam
1070 2698 1096 2745 in
1107 2713 1191 2746 secun·

94 2761 197 2809 dissimis
208 2763 380 2811 rebusmarime
391 2770 429 2812 est
442 2764 558 2811 utendum
569 2763 667 2812 consilio
678 2764 813 2810 amicorum.
831 2764 870 2812 Id.
880 2763 939 2811 iliu.
950 2778 971 2811 6.
982 2766 1023 2812 80.
1046 2764 1086 2811 lu.
1097 2763 1156 2812 thie.
1170 2780 1191 2812 e.

93 2831 134 2877 26.
145 2827 206 2874 Haec
217 2829 354 2891 praescripta
364 2837 497 2876 servantem
507 2830 564 2876 licet
576 2828 697 2891 magnifice
709 2829 861 2891 animoseque
873 2829 1035 2890 viverentque
1048 2828 1118 2874 etiam
1134 2827 1190 2876 sim·

94 2892 190 2954 pliciter
202 2893 303 2956 viteque
317 2893 438 2940 hominum
451 2893 535 2941 amice.
556 2893 613 2941 Lin.
630 2893 647 2939 l.
659 2896 699 2942 44.
720 2908 743 2940 6.
752 2897 784 2940 22
796 2899 821 2939 et
831 2896 872 2940 28.
896 2892 988 2957 (Etiam
1005 2892 1057 2940 sine
1076 2893 1150 2943 etiam
1166 2900 1192 2943 et

93 2972 185 3020 qaoque
195 2957 306 3020 frequens
315 2965 352 3006 est
361 2958 386 3004 in
398 2958 528 3022 principiis,
539 2974 562 3007 v.
574 2957 673 3006 Ernesti
686 2958 754 3007 cuv.
769 2957 820 3007 Cic.
830 2957 856 3004 in
867 2958 892 3004 h.
902 2957 941 3021 v.)

286 3093 288 3096 ·
373 3072 389 3102 ⁶
399 3076 424 3122 8.
434 3072 515 3136 Atque
525 3087 615 3136 qaoque
624 3071 650 3119 in
663 3072 779 3136 principio
790 3058 815 3119 el
825 3060 912 3120 medic.

130 3154 215 3204 Celeus
224 3153 242 3201 l.
252 3158 277 3203 8.
288 3169 311 3202 6.
322 3158 363 3203 22.
379 3151 461 3218 Atque
470 3154 540 3218 hujus
555 3142 650 3217 quoque
662 3153 740 3216 plures
748 3153 839 3216 species
849 3160 912 3200 sunt.
941 3153 979 3203 lu.
989 3153 1006 3203 l.
1016 3159 1042 3203 4.
1053 3170 1075 3204 6.
1088 3156 1126 3204 16.
1139 3155 1157 3204 l.
1166 3160 1192 3205 6.

93 3233 117 3266 6.
127 3223 169 3267 28.
184 3219 246 3268 Cels.
257 3219 273 3267 1.
284 3225 309 3268 6.
318 3234 340 3267 6.
350 3222 391 3268 28.
403 3221 432 3268 de
442 3219 555 3282 Impetig.
571 3218 630 3273 Haec
641 3219 721 3266 omnia
731 3234 818 3282 genera
830 3219 1044 3267 niaximeoriuntur
1053 3220 1079 3268 in
1090 3218 1192 3283 pedibus

92 3290 119 3331 et
130 3283 248 3340 manitus,
259 3292 330 3347 atque
339 3299 430 3349 ungues
441 3298 536 3347 quoque
547 3285 668 3343 infestent.

127 3510 139 3544 ⁷
154 3509 220 3558 Hinc
234 3509 320 3572 liquet,
334 3510 494 3560 Fucca‘olotum
504 3526 591 3566 errare,
607 3511 648 3574 qui
660 3512 774 3561 66666616
789 3504 834 3559 soli
850 3511 943 3566 tribuit,
954 3511 1018 3575 quod
1032 3512 1141 3576 pluribus
1152 3519 1191 3560 est

93 3589 228 3624 commune.
249 3575 311 3638 (Sed
321 3575 342 3623 si
352 3577 391 3623 vel
402 3576 505 3624 maxime
517 3577 542 3623 bi
553 3576 588 3624 sic
600 3576 762 3640 scripsissent,
772 3583 854 3625 tamen
863 3593 912 3625 non
926 3585 1007 3625 essent
1015 3575 1098 3625 idonei
1107 3584 1189 3627 aucto·

93 3641 223 3778 'wlleus
238 3705 432 3771 conjunctionem
445 3705 615 3770 particularum
630 3705 782 3769 impugnarat
793 3707 952 3769 Foccioiutus,
964 3705 1004 3754 cui
1015 3705 1066 3770 p'um
1077 3706 1190 3770 respondi

92 3784 119 3816 m
129 3785 231 3819 monam.
243 3769 401 3832 lageauram.
439 3770 486 3818 Sed
505 3778 586 3818 tamen
600 3771 1080 3835 Ρ66ι161666666616666,6666666666
1097 3787 1191 3837 sewer

90 3833 159 3882 idem
169 3850 224 3883 esse
241 3835 305 3898 quod
323 3839 348 3885 et
358 3838 439 3891 616666,
451 3836 482 3896 jo
492 3851 518 3884 eo
526 3851 582 3898 gor,
593 3837 654 3885 66616
664 3852 690 3885 so
705 3851 754 3898 gur
772 3836 832 3900 (aad
850 3837 925 3902 oleos)
942 3851 974 3885 en
987 3836 1049 3884 Cels.
1062 3835 1078 3888 1.
1089 3841 1112 3885 4.
1124 3853 1147 3886 6.
1158 3840 1190 3887 16

93 3907 156 3948 extr.
173 3900 213 3948 Ac
224 3899 324 3965 insuper
335 3916 430 3964 quoque
442 3900 627 3964 rectequaedam
646 3902 790 3965 malagmate
804 3901 950 3967 injiciuntur.
983 3900 1046 3948 Nam
1068 3901 1090 3948 si
1101 3917 1191 3966 quoque

93 3964 138 4012 hoc
156 3965 209 4013 locc
226 3974 292 4013 esset
306 3981 332 4014 so
346 3980 395 4027 gur
409 3966 494 4030 (oleo),
513 3963 635 4030 tumlpost
652 3980 739 4014 nomen
755 3968 925 4030 malagmatum
941 3966 1031 4018 rectius
1048 3976 1112 4014 esset
1130 3967 1191 4032 reje·
1233 3974 1244 3990 ‘'

91 4036 167 4076 ctum.
196 4029 317 4078 Nimirum
330 4038 358 4078 ut
369 4031 448 4078 Latini
463 4031 548 4079 dicunt
562 4032 629 4093 11666,
640 4037 664 4080 et
674 4033 746 4086 item,-
763 4032 814 4095 jam
834 4032 897 4079 illud
915 4047 1008 4088 musac
1024 4032 1088 4080 dotis
1105 4036 1149 4089 ert,
1160 4047 1189 4083 ac

87 4092 245 4154 jumetillud
256 4110 349 4156 mugace
359 4096 423 4144 dotis
433 4101 484 4154 ert3
505 4098 562 4160 quie
578 4103 604 4144 et
620 4096 677 4160 quia
689 4097 775 4152 etium
790 4097 869 4152 rimari,
882 4098 954 4146 simut
967 4103 1001 4160 et,
1011 4101 1036 4146 et
1046 4096 1116 4145 616661
1128 4096 1190 4146 citra

91 4160 557 4276 6666661216676.
572 4161 1189 4275 661611662166161662

91 4242 568 4358 estexigua'utselsubinielligipotiit.
586 4290 656 4340 Adde
665 4241 913 4354 qucinmoarbiieatia
920 4292 1070 4354 ingeniorum
1076 4241 1189 4340 diiirnlires.
