2670 4636
125 232 183 293 196
450 224 621 287 flottam
647 226 888 286 'l'UllSELLlNl
1055 229 1209 305 [rssxm

156 374 245 424 ‘Huic
256 375 379 438 geminum
396 371 456 421 illud
474 373 626 422 cte.1.1.ae
639 373 727 438 Offic.
740 377 778 422 19.
796 371 938 436 thuisqas
954 370 1028 420 animi
1048 373 1212 435 magnitudino

124 441 226 491 amine
237 439 343 495 excellit,
352 438 387 486 ita
398 437 497 487 maxims
509 438 560 486 ralt
568 438 678 505 princeps
688 439 794 485 omnium
803 453 862 486 esse.

401 536 416 564 ³
428 538 468 584 11.
483 536 524 584 lta
534 536 630 598 quisque
640 536 810 583 maxime—uti
820 535 929 583 maxime.

159 618 236 667 ctat.
249 619 310 666 1.15
322 616 374 679 Off.
385 632 407 663 5.
425 620 464 664 15.
482 615 602 664 Colendus
616 624 653 664 est
662 615 804 679 itaquisque
820 615 930 672 maxime,
947 623 975 663 ut
992 615 1094 680 quisque
1112 616 1210 664 maxime

124 683 248 736 virtutibus
261 681 391 729 lenioribus
401 683 447 728 erit
458 688 563 728 ornatus.

445 775 509 826 ’12.
529 777 636 827 11551555
650 776 675 823 15
686 777 885 841 responsionibus.

159 859 363 922 15555151151515.
375 863 398 906 1.
411 862 433 905 9.
446 858 493 906 He.
505 859 608 920 Sequere
622 872 659 903 me
669 873 725 920 ergo
735 858 780 904 hac
790 857 858 904 intro.
871 858 917 905 Mi.
927 858 1035 904 maxime.
1071 858 1110 905 11.
1123 858 1213 921 Heorta

125 930 149 975 4.
160 929 184 975 4.
201 925 312 981 Puerum,
324 923 454 985 Phidippo,
468 923 524 969 milri
535 923 609 982 cedo;
621 936 666 983 ego
676 922 746 970 alam.
764 923 812 969 Pb.
822 921 932 970 maxime.

308 1012 323 1041 ⁸
335 1016 376 1060 la.
392 1012 500 1060 Maxime
510 1012 549 1067 ei:
565 1012 729 1066 maximenisi,
739 1012 878 1059 continuant
889 1010 1026 1061 orationem.

162 1092 238 1142 Varro
249 1091 265 1138 l.
276 1095 300 1139 l.
312 1091 344 1139 lt.
356 1091 388 1140 R.
399 1108 420 1139 5.
432 1096 472 1143 51.
482 1106 519 1155 pr.
537 1091 625 1139 Aream
635 1107 686 1139 esse
697 1100 790 1155 oportet
799 1092 872 1139 solida
882 1104 945 1139 terra
955 1090 1067 1155 peritam,
1077 1091 1184 1139 maxima
1194 1091 1215 1141 si

125 1164 164 1204 cst
183 1157 300 1218 argillosa.
335 1157 598 1205 Fulmineam
619 1164 677 1203 extr.
694 1156 718 1202 si
734 1157 809 1204 siccas
829 1164 923 1218 segetes
937 1157 1100 1213 sarculaveris,
1123 1156 1214 1220 aliquid

126 1230 208 1268 contra
219 1221 348 1283 rubiginem
357 1221 498 1283 praesritiai,
508 1222 607 1268 rusxime
619 1222 639 1268 si
650 1221 761 1269 hordeum
773 1221 861 1267 siccum
871 1221 989 1268 sarriatur.

158 1285 225 1333 Raro
245 1286 293 1334 siai
312 1286 417 1348 sequitur
434 1286 574 1348 particulam
592 1286 701 1334 maxime
735 1286 800 1332 Ptin.
812 1286 829 1332 l.
840 1289 880 1333 25.
891 1302 913 1332 5.
923 1289 947 1332 5.
973 1284 1025 1333 Ν55
1047 1284 1129 1333 album
1145 1285 1214 1333 facile

127 1349 310 1413 melampodium
321 1348 440 1413 colligitur
449 1358 522 1413 caput
532 1365 671 1413 aggravans,
680 1349 783 1397 maxime
793 1350 838 1396 nisi
849 1358 1000 1412 praesumatur
1012 1349 1104 1397 allium.

371 1447 385 1476 ⁴¹
400 1450 438 1495 14.
456 1447 636 1494 Maxime-sed
647 1447 733 1495 etiam:
749 1446 926 1495 nmeime-sed
940 1452 971 1495 et.

71 1530 76 1541 “
161 1529 251 1576 Colum.
269 1528 285 1575 l.
300 1533 339 1577 12.
355 1543 377 1574 5.
391 1531 430 1576 51.
455 1526 513 1574 Haec
532 1526 630 1581 salsura,
654 1526 710 1573 luna
734 1526 892 1581 decrescente,
913 1526 1013 1574 maxime
1036 1541 1079 1588 per
1100 1527 1216 1583 brumam,

127 1592 170 1641 sed
185 1593 256 1640 etism
271 1607 353 1639 mense
369 1591 494 1639 Februario
509 1599 563 1638 ante
575 1591 628 1637 idus
637 1590 760 1638 commode
771 1591 821 1639 fiet.
855 1591 921 1638 Plin.
936 1591 951 1638 Ι.
962 1593 1001 1639 11.
1012 1606 1034 1638 5.
1045 1595 1085 1639 21.
1103 1591 1216 1639 Adurunt

127 1667 222 1704 estates
238 1657 334 1720 quidem
352 1657 413 1703 vites
424 1663 448 1702 et
458 1656 533 1703 olivas
546 1656 652 1718 maxime,
666 1655 709 1702 sed
719 1662 744 1702 et
754 1655 813 1701 alios
822 1655 918 1702 fructus.
951 1655 1017 1704 11.1.
1036 1659 1076 1703 31.
1088 1671 1110 1703 5.
1121 1660 1146 1704 5.
1163 1657 1215 1704 1⁴*oe-

126 1723 195 1770 5155
206 1722 328 1769 monilium
337 1722 390 1769 vice
401 1720 497 1769 saccina
508 1727 610 1783 gestant,
620 1720 724 1767 maxime
735 1719 825 1767 decoris
836 1720 919 1780 gratia,
929 1721 971 1766 sed
982 1727 1007 1766 et
1015 1719 1152 1768 medicinae.

175 1819 190 1848 *
203 1822 242 1867 15.
260 1819 369 1868 Maxime
379 1818 455 1881 primo
467 1819 520 1865 loco
531 1816 686 1880 sequentibus
702 1819 795 1873 deinde,
808 1818 924 1880 proxime,
935 1832 991 1866 ntox
1001 1817 1168 1880 similibusque

526 1882 552 1928 in
562 1881 685 1944 signandis
695 1882 813 1944 gradibus.

163 1964 239 2014 Varro
249 1963 266 2010 l.
278 1967 302 2012 2.
314 1964 346 2012 R.
360 1963 393 2011 R.
402 1979 424 2010 c.
433 1966 458 2011 9.
474 1961 502 2006 15
515 1976 562 2023 quo
573 1977 659 2023 genere
671 1970 726 2011 sunt
736 1962 842 2009 maxime
853 1977 918 2016 ores,
928 1962 1014 2010 deinde
1027 1977 1114 2025 caprae.
1148 1964 1216 2014 Piis.

126 2029 145 2079 1.
157 2033 181 2077 9.
193 2044 215 2078 5.
228 2032 267 2079 16.
284 2027 364 2076 Gustu
375 2027 422 2075 olei
432 2027 544 2083 maxime,
555 2026 612 2073 dein
622 2024 723 2072 modicis
737 2027 851 2074 imbribus
861 2027 968 2088 gaudent
977 2027 1127 2089 alunturque.
1165 2030 1216 2078 Cic.

22 2098 24 2103 ’
123 2108 168 2155 pro
180 2093 266 2142 Irata.
283 2094 352 2141 Post.
365 2108 386 2139 c.
396 2095 435 2139 12.
451 2091 478 2138 Si
493 2106 537 2153 prr
547 2090 723 2138 eumreductus
739 2090 852 2138 insidiose
867 2091 992 2146 redissem,
1001 2107 1041 2138 me
1056 2091 1152 2140 scilieet
1167 2108 1218 2141 ms·

125 2157 199 2218 xime,
216 2157 259 2204 sed
277 2157 385 2218 proxime
400 2156 470 2202 illum
489 2170 584 2216 quoque
602 2155 748 2204 fefellissem.
781 2157 820 2204 11.
831 2160 846 2202 8
859 2157 963 2219 Pttttpp.
974 2172 996 2207 5.
1007 2159 1046 2203 lo.
1058 2164 1121 2205 extr.
1137 2157 1218 2220 Hujus

124 2221 275 2274 industriam,
289 2221 393 2268 maxime
409 2220 520 2281 equidem
536 2220 632 2275 vellem,
649 2228 676 2266 ut
685 2221 833 2267 imitarentur
843 2220 869 2275 ii,
884 2235 943 2282 quos
953 2221 1094 2283 oportebat:
1111 2224 1218 2272 secundo

126 2294 207 2333 autem
216 2285 278 2340 loco,
296 2300 326 2332 ue
343 2284 439 2331 alterius
450 2283 523 2331 labori
534 2283 675 2332 inviderent
708 2286 775 2334 Ptin.
785 2286 802 2331 l.
815 2289 852 2333 18.
863 2302 885 2333 5.
896 2290 921 2333 7.
944 2285 1003 2333 Post
1014 2286 1116 2334 triticum
1127 2288 1218 2337 Chium

125 2350 229 2399 maxime
240 2349 349 2398 laudatur
359 2349 489 2403 Creticum,
502 2363 557 2395 mox
568 2350 719 2412 AEgyptium.
753 2351 792 2398 11.
801 2349 816 2396 Ι.
827 2353 866 2397 19.
878 2366 899 2397 5.
911 2355 936 2397 5.
946 2362 972 2397 55
983 2351 1049 2400 128.
1061 2367 1082 2398 5.
1094 2357 1118 2400 9.

160 2415 226 2464 Plio.
239 2414 255 2461 l.
265 2420 304 2464 12.
312 2429 334 2462 5.
342 2417 382 2463 28.
399 2413 520 2461 Laudatur
530 2413 702 2462 Hammoniaca
712 2415 822 2477 maxime,
832 2430 888 2461 mox
900 2415 1030 2478 AEgyptia;
1042 2417 1098 2463 dein
1110 2417 1216 2481 Syriaca,

127 2478 244 2527 duntaxat
262 2480 288 2526 in
308 2478 367 2526 locis
384 2478 522 2526 sitientibus
539 2478 743 2541 odoratapalma.
779 2480 868 2527 Colum.
880 2480 896 2526 l.
906 2483 930 2528 3.
948 2495 970 2527 5.
983 2484 1021 2528 12.
1046 2482 1149 2528 Saserna
1166 2497 1218 2528 ma-

126 2544 191 2593 xime
199 2544 284 2607 probat
290 2543 345 2590 solis
352 2552 437 2598 ortum,
448 2557 505 2591 mox
511 2542 599 2590 deinde
608 2544 738 2598 meridiem,
747 2551 797 2590 tum
804 2558 922 2591 occasum.
955 2546 993 2592 11.
1005 2547 1034 2593 15
1042 2547 1129 2594 Arbor.
1142 2562 1165 2594 5.
1178 2551 1218 2594 16.

127 2607 210 2657 Vitem
219 2610 322 2657 maxime
340 2609 426 2670 opulus
437 2607 488 2662 alit,
506 2607 591 2655 deiude
603 2608 689 2664 ulmus,
701 2607 787 2655 deinde
804 2608 915 2657 fraxinus.
949 2610 988 2658 ld.
1001 2609 1017 2655 l.
1025 2614 1048 2656 5.
1060 2626 1083 2658 5.
1094 2615 1118 2658 5.
1137 2610 1218 2658 Vitem

126 2673 228 2727 maxime
239 2675 327 2737 opulus
342 2673 435 2720 videtur
450 2673 521 2726 alere,
535 2672 623 2719 deinde
633 2675 720 2728 ulmus,
740 2681 794 2734 post
804 2671 874 2719 etiam
885 2673 997 2721 fraxinus.
1029 2675 1097 2725 Plin-
1109 2674 1126 2722 l.
1142 2679 1183 2723 97.
1193 2691 1217 2724 5.

127 2742 168 2789 12.
193 2737 280 2800 Figura
295 2739 397 2800 oblonga
407 2738 507 2785 maxime
521 2737 643 2799 probatur,
661 2736 747 2784 deiude
763 2752 815 2798 555
825 2743 922 2784 vocatur
935 2738 1056 2795 lenticula,
1074 2741 1219 2805 555155515-

67 2818 70 2823 ·
127 2801 212 2866 paidos
221 2811 248 2850 et
263 2802 379 2850 rotunda:
403 2801 522 2864 angulosis
534 2802 724 2865 minimagratia.
758 2802 1031 2864 cameracenae.
1048 2803 1155 2850 Maxime
1172 2804 1219 2853 fuit

125 2867 253 2931 optandum
265 2867 416 2931 eminant
430 2866 593 2914 controversia
611 2865 671 2913 nihil
688 2865 799 2913 baberet:
816 2866 992 2923 secundoloco,
1004 2875 1031 2914 ut
1045 2881 1076 2916 55
1093 2884 1149 2916 cum
1168 2877 1216 2917 tam

125 2930 1219 3059 111111111111111111111111111111111

126 3076 183 3109 mox
197 3062 269 3111 etiam
279 3075 310 3109 ex
322 3060 408 3109 tritico.
443 3059 482 3108 11.
492 3060 550 3108 ibid.
567 3060 684 3107 Probatur
693 3060 796 3106 maxims
807 3061 894 3121 ulmea,
905 3068 961 3122 post
969 3059 1083 3124 fraxinea,
1096 3068 1121 3108 et
1131 3061 1162 3109 ab
1172 3063 1217 3110 hac

124 3125 252 3188 populosa,
265 3125 350 3173 ultima
360 3132 415 3174 suat
424 3122 521 3186 ilignea.
551 3125 627 3173 Varro
637 3125 654 3170 l.
666 3129 689 3171 2.
702 3124 736 3171 R.
749 3124 814 3172 115.
828 3129 866 3173 11.
890 3125 961 3181 Quod
976 3132 1055 3172 autent
1066 3126 1103 3174 lac
1113 3127 1217 3175 maxime

125 3195 262 3252 perpurget,
273 3196 310 3236 est
320 3189 442 3252 equinum,
452 3196 501 3235 tum
512 3187 639 3243 asininum,
650 3187 737 3235 deinde
748 3187 870 3246 bubulum,
879 3197 930 3237 tum
940 3189 1069 3251 caprinum.

512 3283 527 3314 1
537 3288 576 3334 16.
593 3284 836 3335 Μαίη-555555.

159 3363 212 3413 Cir.
226 3370 280 3426 port
299 3363 361 3412 Red.
378 3363 549 3413 1555555.
577 3363 719 3412 Mummium
735 3365 819 3414 habuit
832 3366 874 3415 ille
895 3367 994 3430 pestifer
1014 3382 1092 3416 annus
1110 3367 1216 3417 maxims

124 3428 230 3492 fidelem,
239 3435 264 3475 et
274 3427 371 3477 minime
382 3429 501 3477 timidum.
525 3429 565 3476 11.
574 3429 591 3476 l.
604 3431 627 3476 5.
640 3429 739 3479 imae.
756 3433 795 3479 34.
818 3431 944 3494 Intelligis‚
955 3432 997 3493 qui
1008 3433 1155 3495 voluptatem
1167 3447 1217 3481 ma·

124 3493 186 3544 rime
197 3500 334 3558 sequantur,
350 3508 391 3545 eos
400 3493 497 3541 minime
513 3493 635 3555 consequi.
667 3495 707 3543 Id.
717 3509 761 3557 pro
772 3496 864 3545 ctueer.
875 3512 897 3544 5.
906 3500 948 3546 50.
961 3497 1080 3547 0515551.
1092 3502 1116 3546 l.
1128 3513 1151 3546 c.
1159 3502 1185 3546 6.

532 3636 646 3686 CAPUT
667 3636 810 3688 CXXXIII'.

437 3752 487 3813 De
499 3752 649 3813 Aduerbio
669 3753 894 3813 Maenoraaa.

157 3868 182 3911 1.
198 3865 369 3914 Msauoraaa
389 3879 417 3910 ex
433 3879 517 3926 nmgno
529 3871 554 3912 et
564 3879 632 3928 opere
646 3865 737 3912 factum
753 3873 880 3929 usurpatur
890 3881 931 3928 pro
942 3867 1049 3917 55511555.
1084 3866 1136 3917 cte.
1147 3866 1166 3917 1.
1178 3871 1222 3917 15.

124 3927 193 3977 Fam.
203 3944 239 3990 ep.
250 3934 289 3979 14.
307 3929 358 3992 Ego
373 3936 510 3976 caeterarum
525 3944 604 3976 rerum
621 3945 692 3976 causa
708 3929 753 3978 tibi
764 3929 866 3977 Romam
879 3946 1022 3995 magnopere
1040 3930 1221 3996 properandum

122 4005 219 4039 censeo.
251 3994 291 4041 Id.
301 4009 344 4055 pro
359 3994 430 4042 Reae.
444 3994 510 4041 Com.
522 4008 544 4041 c.
556 3996 594 4042 15.
612 3993 732 4049 Quorsum
748 3995 839 4042 recidat
852 4009 993 4057 responsum
1008 4003 1085 4052 tuum,
1100 4011 1151 4043 non
1168 4012 1220 4047 ma-

85 4046 90 4063 '
123 4056 326 4120 gnoperelaboro.
344 4059 419 4107 leurs
434 4057 497 4106 little
508 4046 627 4120 55151555
642 4059 808 4123 5551155515.
841 4059 907 4108 Idb
924 4060 991 4109 Verr.
1002 4075 1024 4108 c.
1035 4064 1076 4109 41.
1093 4059 1169 4135 Quid,
1180 4060 1220 4115 in·

122 4134 203 4183 5555,
214 4133 357 4182 magnopere
371 4120 450 4183 potnit
464 4120 607 4168 Cleomenes
617 4121 704 4180 facere,
718 4121 788 4169 istius
801 4123 900 4171 avaritia
909 4124 1009 4172 naribus
1019 4125 1162 4173 exinamtis?
1174 4124 1221 4187 ld·

116 4185 136 4233 1.
145 4182 356 4246 51555555.
374 4183 467 4233 Gellius
475 4183 578 4231 Athenis
588 4184 743 4249 philosophos
750 4186 776 4233 in
784 4201 855 4233 unum
863 4187 1097 4243 locumconrocavit,
1107 4188 1220 4251 ipsisque

104 4262 258 4315 magnopere
268 4256 340 4298 sutor
347 4249 406 4310 fuit,
418 4257 445 4299 ut
455 4248 587 4315 aliquando
596 4250 1143 4315 555555555155551155551555555555.
1176 4252 1225 4317 11.,
