2670 4636
186 234 244 292 318
526 225 695 287 llOll'A'l'll
725 225 965 287 TURSELblNl
1066 229 1277 307 [ananensis

184 382 280 439 tenpus
289 374 361 425 ¹eliud
371 387 505 423 mesre:
522 373 677 423 nibilominus
691 381 778 430 tamen,
795 381 823 422 ut
838 387 901 424 nunc
918 373 998 437 ulique
1013 373 1160 439 contbgnm,
1175 381 1236 423 nutu
1249 381 1276 423 et

185 454 260 506 prope
267 444 385 491 murmure
395 440 555 488 cohortantur.
703 464 706 469 ·
1146 448 1150 457 ·

516 540 541 584 5.
559 536 700 597 Quanquam
710 534 819 582 absolute
833 535 943 597 positum.

373 615 493 665 interdum
505 614 612 663 absoluta
626 614 733 678 ponitur,
748 614 867 672 nimirum,
885 615 942 679 quia
952 617 982 663 ad
994 615 1060 665 dicta
1075 615 1153 679 magis
1166 615 1273 679 respicit,

185 697 258 746 quam
267 682 299 731 ad
309 696 347 747 ea,
357 697 409 746 qua
420 678 522 729 dicem
530 687 594 727 sunt.
628 678 680 729 Cic.
694 680 711 727 l.
721 683 760 729 12.
771 680 839 729 Fors.
848 697 885 744 ep.
896 686 936 731 25.
959 678 1142 744 Rempublicam
1154 682 1176 730 si
1185 679 1273 737 licebit,

184 762 250 795 mors
261 753 339 795 norbo
349 746 482 795 tuebimur:
499 759 634 808 quanquam
644 743 676 792 ad
686 744 780 791 modum
791 760 872 793 surmus
878 745 928 810 jarn
938 745 1069 808 defatigati.
1103 747 1143 795 Id.
1154 748 1184 796 de
1193 745 1272 794 Arosis.

184 826 207 861 c.
223 815 263 860 1⁰.
279 812 422 876 Quanquam
428 810 471 858 ille
483 810 580 873 quidem
588 808 649 857 nihil
663 808 784 857 difficilius
793 825 846 857 essa
857 810 960 867 dicebat,
970 826 1042 873 quam
1052 809 1185 859 amicitiam
1197 825 1272 874 usque

185 876 216 925 sd
227 883 358 925 utrsmum
369 876 424 924 sitas
433 874 497 925 diem
507 889 652 939 permanere.
690 873 706 902 '
717 872 782 922 Add.
793 875 832 923 Id.
844 879 858 924 1
872 876 947 926 Catil.
956 892 979 925 c.
988 880 1013 925 9.
1023 881 1073 926 att
1087 879 1145 926 cot.
1156 892 1178 926 c.
1190 878 1233 924 12.

634 992 659 1036 6.
675 985 823 1035 Admonitio.

216 1070 273 1120 Huc
283 1071 423 1135 plerumque
433 1069 554 1132 pertinent
563 1068 614 1125 illa,
625 1084 678 1132 quae
690 1068 873 1132 modoerporui.
885 1084 990 1133 cumpro
1000 1074 1079 1119 marea
1089 1067 1215 1133 reponitur
1225 1069 1272 1119 aaa.

291 1165 307 1196 ⁸
316 1170 340 1215 7.
358 1168 497 1229 Quanquam
506 1164 532 1212 in
543 1164 669 1228 priucipio,
686 1166 843 1228 praetermisso
857 1171 943 1224 tumen,
960 1166 1104 1215 rarissimum
1117 1174 1165 1214 est.
1180 1186 1184 1194 ⁴

218 1247 296 1298 naar.
309 1247 327 1294 l.
338 1251 362 1296 2.
372 1245 438 1296 Ana.
448 1251 501 1295 c.l.
512 1247 524 1310 5
535 1250 560 1295 2.
578 1246 701 1301 Phraates,
716 1261 852 1311 quanquam
866 1246 998 1312 depulisset
1013 1247 1132 1296 exereitus
1152 1246 1271 1308 ducesque

185 1309 316 1371 Marmor,
326 1319 415 1360 cuncta
423 1311 587 1359 venerantium
595 1310 674 1366 officia
683 1313 714 1359 nd
725 1311 859 1375 Augustum
870 1320 979 1360 verterat.
1012 1313 1076 1362 lbr’d.
1087 1328 1109 1361 c.
1122 1315 1164 1362 ot.
1176 1313 1189 1375 5
1199 1315 1225 1360 2.

208 1462 213 1471 .
655 1424 803 1473 Admonitio.

219 1505 291 1563 Quod
305 1505 332 1553 in
346 1506 399 1553 loco
414 1505 501 1561 Taciti,
518 1504 628 1563 Ausonii,
641 1423 775 1568 bnunqunm
788 1426 939 1571 criujuuctivo
950 1508 1065 1572 juugitur,
1078 1509 1145 1571 quod
1160 1508 1235 1556 etiam
1247 1498 1284 1555 in

183 1571 239 1620 aliis
254 1580 372 1636 argentea
382 1570 460 1619 atatis
470 1569 622 1634 scriptoribus
633 1571 755 1633 reperitur,
769 1572 911 1620 imitandum
920 1580 1024 1621 nonest.

625 1780 736 1829 carun
762 1780 838 1830 ccx.
926 1756 929 1761 ⁴

629 1895 678 1954 De
692 1894 844 1961 Qunuuo.

217 2026 232 2056 ⁴*
245 2029 267 2074 1.
285 2025 381 2082 Quanto
387 2023 505 2078 absolute,
516 2038 531 2071 a
542 2021 658 2085 principio
669 2023 827 2087 periodorum,
836 2038 880 2087 pro
891 2031 966 2081 tanto,
977 2024 1014 2073 vel
1026 2031 1049 2074 et
1059 2030 1134 2075 tosto.
1151 2023 1239 2089 (immo

411 2103 454 2152 pro
464 2089 547 2142 muno,
557 2090 620 2152 quod
631 2089 656 2135 in
665 2089 852 2151 interrogatione
864 2089 891 2136 fit
900 2090 1010 2157 quanto.)

225 2171 337 2227 Qunuro
353 2184 418 2230 sepe
429 2169 463 2215 sic
473 2168 577 2228 ponitur,
596 2175 622 2212 ut
637 2173 703 2216 tanto
718 2170 807 2231 apponi
821 2170 860 2217 vel
875 2169 1021 2231 subintelligi
1038 2185 1088 2217 non
1102 2169 1182 2232 possit.
1217 2169 1272 2217 cto.

184 2237 203 2284 l.
216 2240 240 2285 2.
255 2237 284 2284 de
296 2234 350 2298 Off.
361 2250 382 2280 c.
395 2237 433 2280 16.
466 2231 561 2288 Quanto
577 2228 721 2278 Aristoteles
743 2235 837 2294 gravius
853 2240 878 2280 et
892 2235 970 2280 verius
989 2250 1034 2282 nos
1048 2234 1209 2296 reprehendit,
1227 2234 1273 2296 qui

184 2301 227 2348 bas
245 2298 373 2346 effusiones
384 2296 536 2359 pecuniarum
552 2309 601 2340 non
612 2295 760 2350 admiremur,
772 2311 825 2359 quae
836 2298 896 2344 fiunt
913 2298 944 2344 ad
956 2299 1136 2346 multitudinem
1154 2298 1273 2345 delinien-

183 2363 257 2412 dam?
291 2365 330 2413 ld.
340 2362 359 2411 1.
372 2367 394 2409 1.
405 2363 434 2410 de
446 2361 507 2408 Nat.
520 2359 554 2406 D.
563 2375 585 2406 c.
594 2362 635 2408 44.
656 2360 750 2415 Quanto
769 2360 843 2410 Stoici
861 2363 957 2419 melius,
974 2365 1015 2426 qui
1032 2379 1046 2412 a
1060 2364 1131 2412 vobis
1143 2364 1272 2426 repreben-

183 2428 287 2477 duntur?
874 2460 877 2464 -

510 2501 525 2530 ⁶
538 2505 562 2550 2.
580 2504 864 2566 Quanto-praetendisse
874 2511 948 2556 tanto.

217 2588 272 2637 niv.
283 2589 299 2634 l.
310 2591 350 2636 21.
362 2602 382 2633 c.
398 2589 438 2634 53.
465 2583 570 2631 Annibal
587 2585 687 2642 sciebat,
704 2585 829 2634 Gallorum
842 2587 965 2650 ingentem
973 2588 1155 2636 multitudinem
1177 2588 1273 2648 segnius

181 2663 331 2708 secuturam,¹
342 2657 430 2715 quanto
446 2649 540 2712 longius
555 2651 585 2697 ab
601 2649 672 2697 domo
688 2652 846 2700 traherentur.
881 2655 971 2702 Colum.
988 2655 1006 2704 l.
1017 2657 1041 2702 2.
1053 2669 1075 2701 c.
1087 2656 1128 2702 21.
1144 2653 1273 2701 Frumento

183 2726 272 2783 quanto
287 2725 342 2765 sunt
349 2714 499 2779 expolitiora,
510 2713 588 2762 minus
597 2730 612 2762 a
622 2715 797 2765 curculionibus
806 2717 946 2766 ereduntur.
981 2720 1019 2767 ld.
1029 2719 1047 2766 l.
1057 2721 1082 2766 4.
1092 2734 1114 2766 c.
1124 2720 1150 2766 5.
1161 2718 1238 2782 princ.
1249 2727 1274 2765 et

183 2800 207 2834 0·
219 2788 251 2834 16
261 2787 335 2832 8218·
345 2790 371 2829 et
386 2782 403 2828 lo
418 2786 473 2830 ⁵10·
484 2784 579 2828 [exir-
597 2786 622 2826 et
632 2781 648 2829 l·
662 2784 700 2828 12·
711 2797 732 2828 C·
742 2785 783 2830 2⁰·
893 2781 896 2787 Ι

404 2893 450 2943 ’6.
469 2895 672 2950 Quanta—tanto,
683 2909 739 2942 cum
753 2878 1050 2959 655666οοιιηηταῖὶνίε.1
1093 2934 1096 2938 »

220 2979 271 3029 Cic.
276 2977 411 3041 proMilon.
422 2991 443 3022 c.
452 2979 476 3023 9.
494 2973 590 3029 Quanto
600 2975 642 3021 ille
652 2975 719 3036 plura
729 2975 853 3030 miscebat,
865 2983 931 3024 tanto
939 2976 979 3023 bic
989 2977 1064 3038 magis
1072 2977 1153 3024 indies
1162 2978 1274 3024 convnle⁴

182 3046 274 3092 scebat.
291 3044 366 3092 Varro
374 3041 407 3088 R.
418 3040 449 3087 R.
459 3039 475 3087 l.
487 3043 510 3086 l.
521 3054 542 3085 c.
551 3042 591 3086 65.
603 3038 700 3087 Genera
708 3047 763 3087 sunt
771 3040 829 3096 vini,
837 3040 916 3103 inquo
923 3040 1090 3105 Falerna,quae
1096 3049 1187 3104 quanto
1195 3043 1274 3105 plures

184 3124 257 3156 annos
274 3106 370 3156 condita
388 3104 526 3155 habuerunt,
536 3109 603 3150 tanto
614 3118 668 3149 cum
678 3112 786 3167 prompta
801 3112 865 3163 sunt,
879 3106 1042 3155 fructuosiora.
1075 3106 1142 3154 Add.
1157 3107 1238 3156 (16.1,
1249 3111 1273 3156 9,

184 3173 240 3222 Aer.
251 3187 287 3234 ep.
298 3173 322 3220 2.
334 3177 360 3217 et
372 3170 467 3218 Terent.
478 3168 587 3216 aalma.
600 3174 623 3216 5.
632 3173 657 3216 9.
735 3206 739 3213 .

494 3263 509 3292 ’
520 3268 544 3312 4.
564 3265 793 3323 Quanto—tontum,
804 3267 853 3315 noli
863 3268 959 3317 imitari.

215 3349 271 3400 nto.
283 3349 300 3395 l.
306 3351 330 3395 6.
338 3362 361 3393 c.
373 3349 412 3394 88.
430 3344 526 3399 Quanto
533 3343 587 3407 jure
595 3344 715 3406 potentior
723 3346 861 3396 intercessio
870 3362 927 3405 erat,
937 3357 1031 3398 tantum
1041 3351 1183 3399 vincebatur
1191 3352 1272 3399 lavoro

180 3417 260 3478 legum
276 3411 379 3476 ipsarum
395 3411 550 3471 latorumque.
562 3410 628 3458 Plio.
641 3411 658 3456 1.
667 3413 708 3458 22.
719 3427 741 3458 c.
753 3417 794 3460 66.
812 3414 908 3470 Quanto
919 3415 1069 3464 innocentior
1079 3423 1117 3464 est
1128 3416 1200 3478 alica,
1209 3416 1272 3478 Hip·

182 3486 291 3544 pocrates
299 3483 394 3525 tantum
403 3474 536 3522 sorbitionis
548 3473 623 3535 gratia
631 3474 745 3524 laudavit.
764 3477 840 3528 Tacit.
850 3479 915 3528 Ana.
927 3480 944 3526 l.
955 3485 979 3529 2.
990 3497 1012 3531 c.
1024 3482 1085 3544 24·§
1097 3485 1121 3528 1.
1139 3480 1177 3544 (id
1188 3481 1224 3538 fit,
1233 3479 1273 3528 ubi

181 3546 262 3594 nullus
272 3540 443 3605 comparativus
453 3539 570 3602 sequitur:
590 3553 634 3587 nec
644 3548 680 3588 est
689 3540 811 3593 vitiosum.
828 3544 884 3594 add.
894 3544 925 3593 ad
935 3560 957 3592 c.
968 3560 1019 3609 seq.
1029 3562 1054 3592 n.
1065 3546 1119 3610 15.)

274 3656 288 3687 *
299 3661 322 3705 5.
341 3655 436 3712 Quanto
446 3667 501 3701 cum
513 3651 721 3726 positivo-,touta
729 3671 782 3703 cum
798 3657 959 3721 comparativo
970 3673 1018 3706 uon
1028 3658 1182 3708 imitandum.

215 3738 293 3789 Tacit.
304 3737 370 3787 Ana.
382 3736 400 3782 l.
413 3740 435 3783 1.
445 3749 467 3781 o·
477 3736 518 3782 68.
534 3736 547 3797 5
559 3739 584 3784 4.
607 3735 685 3784 Sonus
696 3737 814 3794 tubamm,
832 3739 911 3802 fulgor
920 3739 1045 3796 armorum,
1062 3747 1155 3802 quanto
1164 3730 1272 3804 inopius,

181 3813 254 3921 &mltis¹
264 3803 355 3934 rgrassp'o'ra
372 3799 535 3850 offunduntur.
567 3799 630 3850 Add.
643 3801 702 3850 ibid.
713 3802 730 3849 1.
741 3807 765 3851 6.
774 3819 795 3851 c.
807 3808 848 3853 46.
860 3806 874 3867 5
885 3809 910 3869 4.
921 3806 974 3853 etl.
985 3810 1010 3855 4.
1020 3821 1042 3853 c.
1052 3810 1093 3854 67.
1106 3807 1119 3869 5
1131 3810 1157 3855 4.
1167 3813 1194 3854 et
1204 3807 1223 3854 1.
1234 3809 1274 3854 12.

214 4078 222 4108 ¹
238 4074 360 4122 Interdum
382 4074 441 4120 alter
466 4070 639 4135 comparativus
660 4072 736 4121 deest.
769 4074 827 4123 Vid.
847 4078 901 4126 Lio.
919 4079 937 4126 l.
953 4082 976 4126 6.
996 4095 1018 4127 c.
1036 4082 1075 4128 14.
1093 4079 1143 4129 Sed
1161 4081 1272 4143 exempla

178 4139 321 4208 paucissima
332 4144 396 4184 sunt.

211 4205 289 4269 aEgo
302 4201 378 4249 nolim
396 4201 514 4259 dubitare,
526 4202 583 4265 quin
599 4201 677 4265 mgb
692 4202 875 4269 intelligendum
893 4206 934 4258 sit.
958 4207 1058 4274 (nempe
1077 4225 1091 4258 e
1108 4212 1272 4277 comparativo

168 4275 208 4325 vel
217 4275 342 4341 sequente
354 4267 393 4318 rel
405 4268 587 4334 antecedente.)
