2670 4636
71 232 250 308 cerauni
445 228 500 289 nn
532 227 774 291 Pannissus
801 242 858 294 aa.
1114 242 1167 298 121

404 394 419 422 *
427 400 451 445 2.
462 393 567 443 Etiamsi
578 392 745 450 subintellecto
756 398 844 445 tamea.

105 475 162 523 Cia.
174 473 280 523 20412.
291 490 313 523 c.
326 477 365 523 10.
376 471 400 522 Ii
414 475 440 522 ni
456 482 551 531 exeunt,
562 475 588 522 ni
600 478 712 538 pereunt,
729 473 824 523 etiamsi
836 473 942 526 Catilina
957 477 1062 541 perimit,
1072 480 1168 535 scitote,

68 539 119 587 bac
139 539 165 586 in
185 537 280 602 republ.
301 537 453 587 seminarium
475 538 632 588 Catilinarum
654 539 767 588 futurum.
789 540 829 589 la.
840 542 862 599 1.
878 543 942 590 de
963 541 1169 595 Nce.1).c.se.

71 602 168 652 Calan.
177 601 196 651 1.
205 606 230 652 9.
242 605 295 653 od.
305 609 366 652 extr.
377 603 458 653 bio-l.
466 605 511 653 41.
523 618 544 651 c.
552 607 594 654 24.
604 613 667 653 extr.
694 602 761 654 Add.
771 604 818 653 19.
829 621 851 653 c.
862 610 903 654 70.
914 613 975 654 extr.

470 715 518 767 ’2.
529 717 636 768 Etiamsi
645 715 775 766 divellitur.
822 755 825 762 .

102 792 213 845 Etiamsi
228 809 400 860 nonnunquam
415 796 542 854 dirimitur,
560 805 588 845 ut
601 797 718 846 vocabula
734 797 842 860 quadarn
858 798 1017 850 intercedant.
1052 801 1131 850 cicl.
1144 806 1168 849 1.

68 859 100 907 de
113 858 187 909 Orat.
199 874 221 907 c.
230 863 270 909 83.
282 859 352 917 Quia
361 859 481 912 scabendi
491 862 664 910 consuetudine
676 862 706 909 ad
718 861 848 911 &cendum
856 863 932 921 venit,
940 866 1002 913 hanc
1014 865 1084 913 affert
1092 866 1169 914 iacul-

66 928 153 979 tatcm,
165 930 193 971 ut
203 925 277 972 etiam
289 924 369 972 subito
380 927 399 972 si
410 925 484 981 dicat,
494 934 574 974 tamen
589 927 640 982 illa,
650 941 704 988 quae
714 926 834 983 dicantur,
847 928 934 976 similia
943 929 1082 991 scriptorum
1100 930 1169 977 vide·

68 993 150 1034 antur.
184 988 225 1036 Id.
244 987 261 1035 l.
271 990 296 1035 8.
307 988 386 1038 Aac
402 1020 409 1037 .
427 993 452 1039 2.
468 988 594 1052 Significas
611 990 739 1054 aliqnando
750 990 834 1050 aerius,
845 1007 917 1056 qnam
932 994 1034 1051 solebas,
1051 1001 1078 1040 ut
1095 994 1168 1041 etiam

68 1049 180 1101 Italiani
195 1051 238 1101 ille
253 1051 334 1111 cedat,
350 1068 363 1101 c
410 1053 484 1103 ndum
500 1061 580 1117 putes.
598 1055 659 1112 tbct,
670 1070 727 1123 caea
743 1054 834 1118 though
849 1058 878 1106 lec
894 1072 956 1107 wera
972 1066 996 1107 ta
1012 1060 1076 1108 leave
1093 1058 1167 1121 Italy,

66 1116 481 1181 §affirmationem-¹³
951 1115 956 1129 ⁴

355 1235 379 1281 4.
389 1230 496 1280 Etiamsi
506 1245 548 1294 pro
560 1233 668 1281 etaictuu
679 1238 757 1282 tamea
768 1238 889 1283 autcerte.

101 1309 212 1361 Belua
227 1325 272 1374 pto
292 1310 340 1361 etsi
355 1311 470 1359 usitatum
485 1318 529 1368 est.
565 1312 618 1360 Cic.
638 1311 656 1359 l.
673 1316 697 1361 1.
720 1311 787 1363 Fam·
799 1327 835 1376 ep.
853 1317 877 1364 9.
889 1311 988 1361 Etiamsi
1004 1321 1053 1363 non
1068 1314 1088 1362 is
1105 1324 1169 1363 esset

68 1371 160 1430 cm,
172 1373 215 1437 qni
224 1382 279 1435 est;
301 1383 380 1423 umen
394 1372 515 1424 ornandus
526 1374 654 1424 videretur.
688 1376 729 1425 Id.
740 1379 770 1426 de
780 1375 860 1427 Ama.
871 1392 884 1425 c
903 1381 944 1428 27.
954 1378 1016 1434 Quae
1027 1385 1106 1426 tamen
1116 1379 1168 1442 ipsa

67 1437 198 1486 efflomscit
207 1453 239 1486 ex
249 1439 363 1494 amicitia,
374 1438 472 1487 etiamsi
481 1447 510 1487 tn
520 1454 574 1486 eam
584 1440 664 1488 minus
674 1445 770 1488 secutus
780 1439 821 1488 sis.
839 1441 854 1471 ⁸
866 1410 906 1490 [il.
915 1441 934 1488 1.
944 1444 968 1489 9.
982 1443 1029 1497 Qu.
1040 1442 1086 1492 Fr.
1096 1448 1166 1506 1119.

104 1502 158 1551 cte.
169 1504 199 1551 da
209 1508 260 1567 apt.
271 1519 330 1564 ges.
349 1510 410 1555 orat.
427 1519 450 1553 e.
460 1509 486 1553 2.
498 1503 598 1553 Etiamsi
613 1504 635 1552 is
649 1511 686 1552 est
699 1504 725 1550 in
741 1519 830 1566 genere
840 1505 967 1561 tolerabili,
984 1514 1048 1552 certe
1063 1521 1112 1554 non
1131 1514 1168 1554 est

68 1564 93 1613 in
104 1566 207 1630 optima.
240 1567 255 1596 ⁸
266 1568 323 1617 Ide.
334 1567 351 1618 l.
362 1571 437 1618 4110.
450 1572 491 1617 16.
511 1568 562 1619 Cic.
574 1569 592 1616 l.
605 1572 628 1616 2.
639 1569 669 1616 de
682 1569 752 1619 Orat.
764 1584 786 1616 c.
797 1573 837 1618 64.
850 1577 926 1632 etpra
940 1571 998 1618 Coel.
1009 1585 1031 1617 c.
1042 1573 1082 1618 29.

129 1661 146 1691 ’
157 1665 182 1710 1.
195 1662 361 1713 Etiamsi-at
377 1665 450 1722 cate,
466 1669 538 1719 aene,
551 1670 667 1727 attamen,
677 1664 718 1710 vel
729 1670 755 1714 as
766 1677 824 1724 aas,
842 1665 881 1712 vel
890 1664 1055 1722 nibilominus,
1067 1667 1106 1713 vel
1119 1703 1122 1708 .

495 1728 649 1776 nibilominus
659 1733 750 1791 seam.
917 1768 920 1772 .

100 1807 195 1856 Seneca
204 1808 234 1856 de
244 1809 289 1858 Ira
296 1809 316 1855 ⁴1.
327 1811 351 1856 9.
361 1823 384 1855 c.
396 1813 419 1858 l.
432 1808 525 1857 Ceteris
536 1808 629 1856 etiarnsi
639 1809 751 1857 resistere
762 1817 846 1858 contra
855 1810 955 1860 affectus
965 1825 1022 1859 snos
1032 1825 1081 1859 nou
1093 1812 1150 1860 licet
1159 1831 1170 1858 :·

64 1878 92 1918 at
111 1877 179 1919 certe
195 1869 396 1934 sffecnbm'tpsts
413 1873 472 1923 licet
489 1881 560 1922 stare.
576 1874 655 1923 Idale
676 1875 797 1923 Cmaolat.
818 1876 837 1922 1.
855 1883 913 1924 etc.
928 1879 952 1923 1.
973 1876 1096 1924 Lacrimas
1114 1870 1166 1923 tuas'

65 1934 165 1983 mmai
179 1936 328 1998 supprimere
344 1951 394 1985 non
411 1937 550 2000 potuissem,
569 1936 666 1986 interim
680 1945 744 1986 carte
758 1938 929 1988 abstersissem.
943 1940 996 1990 Cic.
1006 1941 1082 1990 Brut.
1093 1955 1114 1989 c.
1126 1943 1166 1989 84.

65 1996 135 2056 Quid
144 2000 232 2063 procul
248 2000 304 2063 baec
318 1999 394 2056 videt,
411 2000 506 2049 etiamsi
524 1999 583 2063 quid
604 2009 695 2066 agatur,
715 2003 822 2052 nesciat:
841 2011 866 2050 at
884 2005 977 2067 placere
998 2012 1076 2052 tamen
1093 2011 1119 2052 et
1138 2005 1164 2055 in

64 2077 205 2112 scenaesse
225 2063 341 2121 Roscium
358 2064 483 2130 intelligit.
518 2066 598 2116 Valer.
609 2066 681 2114 Max.
696 2066 713 2112 l.
730 2070 756 2115 9.
767 2083 788 2115 c.
800 2071 824 2116 8.
835 2083 861 2116 n.
873 2072 897 2117 2.
917 2067 1092 2131 οἰσ.ριό’οω1.
1104 2084 1125 2116 e.
1139 2074 1163 2117 3.

64 2127 128 2184 Quis
142 2134 190 2185 est,
206 2130 245 2177 oui
262 2129 302 2177 ria
319 2129 366 2178 ista
385 2145 435 2179 non
454 2137 535 2193 pateat
545 2129 612 2192 iqui
628 2129 670 2177 isti
686 2131 751 2178 oetati
767 2146 816 2178 non
832 2132 917 2196 possit,
933 2147 1005 2194 quam
1019 2134 1078 2181 velit
1095 2140 1164 2196 petu-

63 2192 152 2251 lanter,
170 2192 266 2251 etiamsi
282 2192 334 2242 sine
350 2192 400 2243 ulla
415 2192 559 2258 suspicione,
578 2200 604 2241 at
621 2209 670 2241 non
685 2194 736 2242 sine
749 2202 888 2258 argumento
899 2194 1061 2245 maledicere?
1080 2197 1134 2247 nse.
1146 2199 1163 2245 l.

63 2259 107 2306 26.
119 2272 141 2304 c.
160 2259 203 2309 48.
218 2256 320 2307 Etiamsi
330 2257 367 2306 vis
383 2258 453 2315 absit,
468 2257 623 2306 nihilominus
640 2256 777 2306 detestabili
787 2260 897 2321 exemplo
914 2274 953 2308 res
969 2261 1055 2322 agitur.
1073 2262 1162 2311 Baetis.

62 2319 80 2368 l.
93 2326 119 2368 5.
138 2320 235 2370 Canai.
244 2336 309 2384 pros.
319 2327 344 2372 2.
356 2321 456 2370 Etiamsi
466 2321 560 2378 iccirco,
570 2322 683 2383 quoniam
693 2322 773 2369 lutura
782 2330 846 2380 sunt,
854 2323 1025 2388 providentur5
1046 2340 1094 2372 nnn
1105 2339 1163 2375 vero

62 2383 129 2439 iden,
141 2383 254 2446 waiam
265 2385 428 2448 providentur,
439 2387 563 2433 eveniunt:
574 2385 728 2432 nihilominus
737 2393 816 2432 tamen
828 2388 889 2434 adeo
896 2386 936 2434 rel
946 2387 1026 2437 futura
1035 2388 1162 2451 provideri,

63 2447 102 2494 vel
111 2447 213 2510 'prensa
222 2448 318 2497 evenire
328 2447 428 2496 necessa
439 2455 484 2495 est.
506 2447 559 2494 Hoc
570 2449 707 2508 exemplum
718 2448 793 2496 nolito
801 2449 897 2496 imitari.

439 2544 464 2587 6.
476 2539 581 2587 Etiamsi
591 2538 788 2587 minas-tamea.

94 2619 203 2671 Etiamsi
213 2619 292 2669 asinas
301 2635 344 2683 pro
359 2621 381 2668 ai
397 2633 445 2667 aaa
459 2633 513 2666 cum
530 2625 608 2667 tames
618 2615 737 2680 jungitur.
773 2617 825 2666 Cia.
839 2619 910 2667 Orat.
925 2635 948 2667 c.
958 2623 999 2667 31.
1018 2627 1077 2668 extr.
1087 2622 1159 2669 Hunc

61 2684 152 2732 librom
162 2682 257 2732 οΐῐιωεὶ
269 2682 345 2731 minus
356 2691 436 2731 nosue
447 2681 660 2742 commendatione,
668 2688 712 2728 tno
723 2687 804 2729 tamen
821 2684 918 2731 nomine
933 2681 1049 2746 divulgari
1060 2700 1159 2734 necesse

60 2757 112 2798 est.
129 2747 169 2796 Id.
179 2752 192 2797 1
205 2748 315 2810 Philipp.
326 2764 349 2796 c.
359 2752 385 2797 7.
396 2755 422 2795 et
432 2747 450 2794 1.
462 2751 485 2795 9.
494 2747 525 2794 de
534 2747 595 2794 Nat.
603 2745 640 2794 b.
652 2749 708 2792 cl.

95 2811 221 2861 Interdum
242 2812 358 2860 omittitur
378 2817 464 2862 tamen·
499 2809 551 2858 Cia.
570 2824 613 2872 pro
635 2811 717 2858 Flacc.
733 2824 756 2855 c.
775 2814 816 2859 27.
850 2810 962 2858 Vestrum
991 2819 1036 2866 est,
1052 2812 1159 2874 judices,

59 2877 157 2926 etiamsi
168 2891 232 2935 arne
245 2876 322 2924 minua
333 2876 444 2924 dicuntur
455 2875 543 2929 omnia,
554 2872 641 2956 restris
651 2871 736 2920 animis
746 2882 771 2920 et
781 2873 925 2936 cogitatione
936 2872 1147 2937 comprehendere.

95 2973 492 3030 '7012'tiaassi-tames;—nuac
505 2983 578 3026 eero;
602 2983 660 3018 evea
674 2968 896 3028 it—aeecrtlsclem
912 2969 1127 3035 notwithstanding

210 3090 214 3096 ,
373 3086 375 3089 ,
407 3037 548 3098 ibat-yet:
558 3033 747 3096 although-yet
756 3033 817 3081 still.

93 3117 209 3166 Notanda
225 3124 264 3166 est
278 3119 352 3166 etiam
367 3115 512 3180 ccbaerentis
521 3114 690 3177 particularum
705 3113 801 3166 etiamsi
816 3120 842 3161 et
853 3120 932 3164 tannen
944 3130 999 3164 oum
1015 3131 1077 3165 ausc
1092 3133 1155 3167 acro.

63 3183 108 3231 Cia
119 3186 135 3231 2
145 3180 212 3243 Agr.
222 3197 245 3229 c.
257 3186 299 3232 st.
309 3180 412 3228 Etiamsi
423 3180 454 3227 ad
465 3194 508 3226 ves
518 3177 624 3239 singulos
634 3185 700 3225 esset
710 3176 802 3239 aliquid
812 3193 840 3224 ex
852 3179 897 3226 hoc
907 3193 963 3240 agro
972 3188 1139 3242 perventurum
1150 3200 1156 3240 ;

58 3255 143 3296 umen
152 3245 279 3294 honestius
294 3259 348 3293 eum
359 3259 401 3292 vos
411 3243 525 3298 universi,
536 3257 608 3304 quam
617 3240 715 3306 singuli,
725 3241 887 3304 possideretis.
910 3242 982 3290 Nunc
992 3258 1049 3291 vero
1060 3261 1112 3292 cum
1124 3247 1156 3293 ad

59 3325 104 3360 aaa
113 3309 176 3358 nibil
191 3310 322 3373 pestium,
334 3309 380 3356 sed
395 3316 494 3371 paretur
511 3307 575 3362 aliis,
591 3305 705 3368 eripiatur
719 3305 893 3363 vobianonne
908 3307 1020 3357 anemius
1036 3309 1091 3357 buin
1107 3311 1158 3372 legi

59 3374 194 3424 maistans?
224 3374 264 3423 Id.
277 3379 292 3422 t
304 3373 477 3437 Philippa-da
569 3394 571 3399 ·

96 3468 100 3472 ’
384 3468 399 3499 ’
411 3471 435 3517 8.
453 3467 558 3518 Etiamsi
567 3465 686 3528 adjectum
696 3464 841 3514 nominibus.

95 3549 205 3609 Qaists't.
210 3565 310 3613 mam·
321 3550 339 3597 l.
357 3554 385 3611 1.
402 3547 500 3597 Nullam
510 3545 602 3610 ingenii
613 3552 710 3607 sperant
720 3546 820 3608 gratiam
831 3545 895 3593 circa
904 3561 952 3602 res,
963 3547 1055 3595 etiamsi
1072 3563 1156 3595 neces·

59 3613 140 3670 miss,
156 3615 241 3678 procul
251 3611 333 3665 tmen
342 3614 374 3662 ab
383 3612 544 3661 oetentatione
555 3610 656 3673 positas.
673 3609 758 3664 abab,
772 3610 794 3658 it
804 3609 827 3658 is
838 3615 898 3664 true,
915 3625 956 3659 are
965 3625 1098 3675 necessary,
1115 3611 1155 3660 lut

58 3683 102 3729 nat
112 3679 293 3746 salutationes..
314 3678 353 3727 la
364 3679 383 3725 1.
393 3683 417 3726 6.
426 3692 449 3724 c.
461 3680 492 3726 19
502 3683 528 3722 et
538 3679 579 3724 12.

432 3771 443 3795 ·
453 3777 480 3820 9.
491 3771 691 3822 Etiamsi-anae
701 3768 789 3831 stane.

92 3855 150 3906 bic·
165 3856 184 3905 l.
201 3859 226 3904 ⁵.
243 3870 266 3903 n.
283 3857 322 3904 5⁸.
339 3853 391 3903 Vos
410 3851 503 3901 etiamsi
518 3857 577 3900 tunc
594 3848 731 3898 uniendum
746 3848 826 3905 fuerit,
843 3864 907 3897 nnnc
923 3848 1005 3910 ntique
1021 3847 1156 3912 faciendum

57 3921 159 3984 putatis.
175 3919 300 3984 (Perfluat
311 3918 349 3966 hic
360 3919 428 3964 loona
438 3917 468 3964 ad
480 3932 505 3966 n.
516 3919 541 3964 6.
551 3921 649 3978 propter
659 3913 770 3961 omissum
782 3917 868 3962 mmm.
885 3914 957 3962 Nunc
968 3911 1050 3975 atiqroe
1059 3912 1157 3962 refertur'

56 3985 87 4033 ad
104 3989 171 4042 tanc,
182 3999 232 4034 non
243 3984 274 4032 ad
286 3980 407 4045 etiamsi.)

51 4088 1146 4117 Μ

92 4162 114 4197 ¹³
127 4159 213 4208 Potest
222 4165 305 4206 umen
314 4160 360 4205 boc
368 4156 508 4218 exemplum
518 4154 591 4202 etiam
598 4153 669 4201 aliter
679 4151 806 4206 declarari,
811 4151 876 4200 huno
887 4150 912 4198 iu
921 4149 1029 4199 modum:
1048 4152 1101 4200 aare
1112 4166 1159 4216 uon

56 4218 627 4285 mlsbosldaaitltalmkeakeleceesit.
895 4232 898 4235 “

123 4304 191 4348 rm
533 4336 539 4346 .
1101 4298 1130 4352 Q
