2670 4636
184 285 243 344 era
514 276 688 341 nonam
714 277 957 339 suasurum
1204 282 1289 366 [m

181 428 282 480 madere
298 434 370 492 atque
386 440 534 478 consamers.
563 428 629 478 Ι1.1
646 428 748 477 Vernc.
759 431 800 476 00.
821 427 1039 490 Q·0piminmper
1056 425 1140 476 ludum
1158 441 1188 475 aa
1203 426 1284 491 meum

183 493 284 543 inmunis
294 495 404 543 omnibus
413 493 507 547 uertit,
523 493 553 556 by
564 507 617 555 way
627 492 734 556 otsport.
769 493 807 541 ld.
817 506 860 554 pro
872 492 943 541 Raso.
952 492 1009 541 Ant.
1020 507 1043 543 c.
1053 496 1078 541 1.
1106 491 1156 540 Per
1166 506 1285 540 summam

183 557 286 607 dedecus
304 559 376 607 vitam
398 559 513 607 amittere.
537 564 561 607 to
579 559 627 607 lose
642 557 680 605 leis
690 556 734 615 life
746 557 773 605 in
788 557 828 605 tte
838 561 899 605 nost
915 557 1095 607 1111551111ώο
1110 571 1220 607 maer.
1247 557 1285 605 lt.

183 627 200 672 5
213 624 281 673 Verr-
292 640 314 673 c.
324 628 365 674 70.
386 624 433 672 Per
445 623 529 671 ludum
538 639 566 671 ac
578 622 751 686 negligentiam
762 621 793 669 ad
807 621 910 670 honores
921 622 1054 686 pemanire.
1071 627 1096 671 ta
1107 621 1189 673 atrine
1198 626 1227 671 at
1236 621 1285 671 dis·

183 688 282 738 tintus
291 689 392 738 15111001
403 691 521 744 cratian,
532 688 580 738 and
590 688 675 737 almon
682 687 783 750 sesag
793 701 820 735 at
828 686 850 736 it
858 700 930 736 sone.

409 790 433 835 3.
451 786 501 834 Per
512 784 702 840 mutationem:
715 798 759 847 per
772 783 890 847 speciens5
905 799 948 847 per
957 800 1060 836 emsarn.

215 867 266 915 Per
282 865 466 921 simulationem,
479 879 524 930 per
536 863 644 928 spaciern,
663 879 706 926 per
719 879 822 918 amsans,
839 864 902 912 idem
919 865 968 913 iere
981 865 1126 930 significant.
1162 866 1217 915 Cic.
1232 870 1284 928 post

183 930 246 980 Reti·
262 932 296 980 ad
316 931 386 986 Quir-
402 946 424 980 c.
439 934 464 980 9.
485 929 528 977 Me
545 944 587 992 per
603 928 776 978 simulationem
793 930 905 977 amicitia
920 931 1011 979 namne
1029 931 1197 995 prodiderunt.
1213 930 1284 980 ander

182 996 261 1044 nataae
270 993 299 1054 os
308 995 466 1058 sriersdsbipr
482 995 552 1043 utile
563 994 619 1057 tbey
625 995 754 1057 prensat
764 999 789 1043 to
800 995 828 1043 te
836 992 987 1058 mysriends.
1005 996 1071 1047 lan
1084 996 1156 1047 Vm.
1168 1011 1191 1044 c.
1202 999 1226 1045 3.
1237 994 1283 1043 Per

181 1060 355 1108 simulationem
378 1059 500 1107 aedilitatis
521 1065 611 1106 statuas
629 1058 726 1106 domum
743 1059 890 1107 auferebant.
906 1061 982 1109 under
1001 1061 1082 1111 color
1098 1059 1128 1120 of
1147 1061 1284 1125 displaytng

182 1124 254 1182 item,
264 1140 293 1174 as
309 1125 378 1180 edile,
395 1129 422 1172 at
439 1125 480 1173 tte
495 1123 575 1186 public
592 1125 727 1186 spuataales.
759 1125 774 1152 “
785 1122 850 1171 Add.
864 1125 926 1172 Cas.
945 1124 1248 1189 3011313510.
1260 1132 1284 1173 et

184 1190 241 1239 Tae.
253 1189 323 1238 Hiet.
334 1190 351 1237 1.
361 1193 384 1237 1.
394 1205 416 1236 c.
427 1192 467 1238 74.
479 1189 493 1252 §
503 1189 541 1236 4¹
554 1187 608 1237 Lis.
617 1187 635 1235 1.
646 1191 669 1236 1.
681 1204 703 1237 c.
714 1191 755 1237 at.
770 1187 865 1236 Servim
875 1204 920 1251 per
930 1189 1022 1252 aliquot
1032 1189 1094 1246 diss,
1111 1205 1167 1238 anm
1174 1189 1228 1254 jam
1242 1204 1283 1238 ex·

182 1253 298 1316 spirasset
307 1253 459 1316 Tarquinius,
475 1252 554 1301 celata
566 1260 650 1307 morte,
666 1267 708 1315 per
720 1252 826 1317 speciem
840 1253 926 1301 alienas
940 1253 1067 1317 iungenda
1077 1254 1150 1318 vicis,
1161 1269 1219 1303 suas
1228 1269 1285 1318 opes

180 1318 290 1368 firmarit.
306 1321 381 1367 ander
391 1319 431 1367 tlte
445 1330 589 1381 appearance
603 1316 633 1376 οἱ
641 1317 769 1382 supplying
779 1318 819 1367 tlte
827 1319 895 1381 place
904 1317 934 1376 of
945 1319 985 1368 tte
1004 1319 1074 1382 king.
1109 1320 1150 1369 la
1159 1320 1178 1368 1.
1190 1323 1248 1368 Le.
1258 1323 1283 1368 3.

181 1382 295 1431 Amulius
311 1382 392 1431 iratris
412 1382 468 1430 filia
489 1381 567 1430 Rheae
589 1381 676 1445 Sylria
694 1384 741 1445 pert
758 1382 863 1446 speciem
883 1383 991 1443 honoris,
1012 1399 1066 1431 cum
1088 1382 1218 1432 Vestalem
1233 1398 1283 1431 enm

182 1447 287 1511 legisset,
299 1455 414 1511 perpetus
424 1446 562 1510 virginitate
575 1459 642 1508 spem
654 1453 737 1509 partus
752 1447 844 1495 adimit.
877 1447 918 1496 Id.
927 1448 945 1495 1.
954 1451 995 1496 tt.
1005 1464 1027 1497 c.
1037 1452 1080 1497 47.
1096 1447 1202 1497 Nobiles
1212 1447 1281 1497 Cam·

181 1512 248 1576 pani,
266 1527 335 1578 pers
368 1513 430 1560 ciem
447 1511 613 1576 predandiex
629 1511 734 1560 hostium
824 1512 941 1576 permissu
959 1512 1137 1575 magistratuum
1154 1514 1187 1562 ab
1201 1513 1283 1578 Capua

181 1577 293 1640 proiecti,
362 1585 441 1626 caena
460 1575 570 1625 Romana
587 1583 712 1625 venerumt.
744 1577 759 1607 ⁶
787 1575 827 1627 11.
839 1577 880 1626 ld.
895 1578 913 1625 1.
924 1580 948 1627 7.
965 1593 987 1626 ο.
998 1581 1039 1627 39.
1058 1578 1138 1628 Tacit.
1148 1579 1217 1628 Aren.
1232 1578 1250 1627 1.
1259 1583 1284 1629 4.

182 1657 205 1692 0.
216 1647 240 1691 8.
276 1645 300 1690 3.
310 1650 336 1690 et
344 1643 363 1690 1.
374 1645 399 1690 5.
410 1659 432 1692 c.
445 1646 485 1690 50.
521 1646 547 1691 4.

215 1643 271 1756 nti.
281 1707 299 1753 l.
309 1712 334 1757 2.
345 1723 368 1756 c.
379 1707 420 1757 33.
447 1643 540 1763 Patris,
556 1720 602 1770 per
615 1719 710 1754 cansam
725 1705 833 1753 renovati
850 1705 880 1753 ab
898 1705 986 1770 AEqnis
1003 1705 1073 1763 belli,
1088 1705 1162 1756 educi
1177 1722 1212 1756 ex
1225 1707 1285 1756 nrba

183 1770 291 1834 legiones
297 1770 401 1834 jussere.
416 1771 541 1820 nndmtlse
553 1775 651 1834 precem
660 1770 689 1829 as
697 1769 824 1819 hostilities
839 1770 909 1832 tang
918 1774 1026 1820 renewed
1037 1772 1068 1836 by
1078 1772 1119 1821 tlte
1129 1775 1215 1836 AEqar'.
1247 1773 1285 1822 ld.

182 1835 201 1885 1.
210 1840 252 1886 at.
262 1855 285 1884 c.
296 1841 320 1886 7.
338 1836 452 1884 Diomeni
469 1842 547 1897 partes
565 1834 627 1882 datm
647 1841 712 1889 sunt,
728 1844 763 1890 ut,
783 1849 838 1883 cum
851 1835 1054 1900 appropinquaret
1067 1835 1151 1899 januas
1166 1852 1221 1895 rex,
1243 1852 1285 1902 per

182 1916 279 1950 causam
296 1900 401 1963 aliquam
416 1901 545 1949 sustineret
560 1900 591 1947 ab
607 1907 673 1963 tergo
687 1914 782 1962 agmen.
799 1897 876 1948 'Add
891 1900 909 1947 1.
919 1906 945 1948 et
954 1916 976 1948 c.
985 1905 1027 1952 44.
1041 1903 1125 1951 Goesar
1136 1902 1169 1951 B.
1182 1903 1218 1954 G.
1229 1903 1247 1951 1.
1258 1907 1282 1954 7.

183 1966 276 2030 0210·§
289 1969 311 2014 l·
323 1965 376 2014 cic·
384 1980 430 2028 pro
440 1966 512 2015 Dm·
524 1981 546 2012 c·
558 1968 582 2011 5ο

560 2059 575 2089 '
586 2064 610 2109 9.
628 2060 906 2125 Perspeaiem—reipsa.

216 2142 271 2190 Lis.
283 2136 352 2190 1.“39.
362 2157 384 2190 c.
397 2145 437 2190 35.
453 2139 554 2189 Interim
564 2155 607 2202 per
619 2141 723 2204 speciem
739 2141 821 2190 auxilli
837 2140 962 2218 Byaantiis
977 2142 1081 2208 ferendi,
1097 2143 1172 2208 reipsa
1189 2142 1222 2190 ad
1234 2150 1286 2191 ter-

182 2221 259 2254 rorem
269 2205 357 2267 regulis
365 2205 484 2253 Thracum
500 2204 665 2268 injiciendum,
681 2206 802 2268 protectus
820 2205 956 2272 Phihppus,
967 2209 1081 2272 perculsis
1091 2209 1122 2258 iis
1133 2222 1179 2257 uno
1190 2208 1287 2272 prelio,

148 2326 155 2335 ‚
180 2270 206 2320 ln
217 2269 383 2320 Macedoniam
393 2269 473 2318 rediit.
1068 2283 1072 2292 -

465 2366 480 2396 ⁶
493 2369 533 2415 10.
549 2367 600 2416 Per
611 2372 694 2430 partes
700 2381 710 2423 ;
726 2367 753 2416 tn
763 2382 826 2417 some
837 2369 991 2432 particulare.

217 2465 342 2516 cntsaett.
353 2464 369 2512 1.
379 2468 401 2514 1.
410 2479 432 2512 ο.
438 2466 463 2514 4.
480 2462 546 2520 Quid
556 2462 602 2511 etsi
612 2478 658 2526 per
666 2468 745 2526 partes
757 2478 805 2511 non
816 2480 937 2527 nunquam
948 2466 1089 2517 damnosum
1098 2477 1146 2528 est,
1157 2469 1183 2520 in
1195 2450 1286 2523 summa

183 2528 538 2648 ffiqqieqtdpqupptendiosum.
563 2529 602 2577 ld.
613 2529 631 2575 1.
641 2533 667 2579 4.
679 2542 701 2575 c.
712 2531 753 2579 24.
786 2528 847 2578 llaec
862 2530 888 2578 in
909 2531 1057 2598 universum,
1079 2535 1122 2584 itta
1139 2552 1185 2607 per
1206 2548 1286 2604 partes

400 2691 415 2722 ⁴*
428 2695 468 2741 11.
496 2692 548 2740 Per
557 2690 681 2748 ordinem
697 2690 723 2739 in
733 2693 831 2754 regular·
845 2693 924 2755 order,
939 2696 1070 2759 regaturly.

218 2777 318 2827 Pallad.
329 2774 346 2823 1.
358 2777 382 2839 3.
391 2774 430 2822 tit.
439 2777 482 2822 25.

537 2837 604 2886 *11.
621 2839 672 2886 Per
687 2837 773 2907 nicesq
782 2839 932 2903 alternately.

217 2923 317 2973 Seston.
330 2922 416 2970 Claud.
427 2936 449 2967 c.
460 2923 501 2968 41.
513 2926 575 2966 extr.
592 2917 734 2967 Institutum
756 2927 793 2967 est
815 2934 830 2966 a
847 2919 958 2982 Claudio,
976 2930 1004 2970 ut
1021 2923 1151 2986 quotannis
1167 2925 1193 2975 in
1212 2930 1285 2978 altero

185 3003 267 3063 museo
283 2985 449 3063 Tyrrhenicon
460 2983 529 3059 libri,
542 2985 617 3058 altero
628 2983 847 3060 Carcbedoniacom
864 2985 948 3063 diebus
967 2988 1071 3051 statutis,
1087 2991 1156 3037 velut
1172 2991 1200 3041 in
1220 2994 1284 3042 audi·

186 3057 417 3114 commonerentur
426 3056 495 3096 totta
506 3049 608 3110 siugulis
621 3063 663 3111 per
674 3064 747 3097 vices.
772 3047 838 3098 Add.
852 3051 917 3099 Plan.
927 3052 944 3098 1.
954 3057 977 3101 1.
987 3067 1024 3116 ep·
1033 3056 1057 3103 3'.

561 3149 601 3193 13.
617 3146 668 3193 Per
679 3146 762 3197 literas
766 3161 776 3202 ,·
793 3146 823 3209 by
835 3147 912 3196 letter.

218 3229 270 3277 Per
278 3228 362 3285 literas
371 3227 436 3275 idem
449 3234 493 3282 est,
504 3227 568 3288 quod
583 3226 668 3274 literis.
704 3226 756 3274 Cic.
767 3226 792 3273 in
804 3227 889 3276 Pison.
900 3243 921 3275 c.
935 3232 973 3275 17.
991 3226 1017 3276 Is
1028 3243 1042 3276 a
1053 3229 1143 3278 Senatu
1163 3234 1284 3297 supplica·

185 3293 274 3340 tionem
286 3308 328 3355 per
340 3292 420 3339 literas
430 3290 569 3354 postulavit.
603 3290 641 3337 ld.
654 3289 818 3352 t.1.Art.ep.
831 3295 871 3340 10.
895 3292 1083 3349 Quintusirater
1095 3300 1284 3358 purgatsemihi

104 3354 114 3368 “
186 3373 230 3423 per
239 3357 327 3423 literas.
359 3353 441 3403 *Add
454 3357 493 3404 ld.
504 3355 521 3401 1.
533 3361 557 3403 5.
567 3353 623 3402 Ate.
636 3369 672 3421 ep.
687 3357 727 3403 20.
739 3361 800 3403 extr.
818 3363 843 3403 et
854 3356 871 3402 1.
883 3359 906 3404 3.
919 3358 988 3406 Fara.
1000 3374 1037 3422 ep.
1048 3364 1073 3406 5.

401 3454 413 3477 '
425 3458 465 3503 14.
484 3453 533 3502 Per
550 3452 692 3501 occasionem
700 3469 710 3510 ,·
726 3469 753 3502 as
763 3455 913 3518 opportunity
928 3471 981 3520 may
993 3472 1067 3506 serae.

219 3539 274 3588 Lis.
286 3538 303 3584 l.
314 3541 337 3585 1.
348 3551 368 3584 c.
380 3539 403 3583 5.
422 3533 484 3582 Rem
494 3534 652 3589 immaturam,
671 3533 719 3581 nisi
730 3542 771 3582 aut
782 3551 825 3598 per
836 3537 987 3584 occasionem
1001 3544 1042 3584 aut
1056 3552 1098 3600 per
1108 3542 1283 3602 necessitatem,

186 3604 275 3668 aperiri
292 3603 400 3649 noluerat
414 3600 550 3648 Faustulus.
568 3599 648 3646 unless
657 3613 719 3648 sante
724 3599 864 3659 saoourable
875 3598 1065 3662 conpuncturebr
1074 3606 1193 3670 necessity
1204 3608 1284 3656 muta

186 3670 280 3733 require
299 3668 329 3717 11.
364 3666 427 3715 lata.
442 3681 464 3713 c.
480 3668 520 3714 11.
545 3663 610 3711 Dum
625 3679 655 3711 ea
676 3663 709 3711 ibi
727 3663 832 3712 Romani
850 3674 942 3730 gerunt,
960 3665 1142 3716 Antemnatium
1163 3672 1284 3719 exarmans

187 3750 231 3798 per
248 3733 397 3782 occasionem
417 3736 443 3777 et
461 3729 614 3777 solitudinem
632 3729 749 3777 hostiliter
768 3731 792 3776 in
811 3730 870 3778 fines
893 3730 1014 3780 Romnum
1037 3732 1202 3785 incursionem
1222 3735 1285 3792 tacit

188 3800 253 3850 Ibit.
264 3816 287 3848 c.
299 3802 339 3847 53.
350 3796 402 3845 etl.
414 3801 472 3842 etc.
483 3799 508 3843 7.
582 3817 586 3824 ,

642 3857 819 3924 (Admonitio.)

219 3943 298 3992 Facile
309 3944 370 3992 toret
379 3941 456 3989 multa
465 3940 504 3987 his
515 3939 603 3987 similia
618 3938 713 3995 addere,
729 3947 757 3987 ut
769 3955 813 4002 per
823 3940 983 3999 ambitionem,
999 3959 1041 4006 per
1049 3943 1166 4005 gratiam,
1173 3961 1220 4010 per
1229 3943 1286 3995 obli·

186 4009 285 4071 nbnem,
294 4007 337 4055 sed
351 4007 439 4054 talibus
450 4007 488 4053 hic
499 4004 593 4052 libellus
602 4018 651 4051 non
661 4002 765 4051 debebat
774 4007 873 4053 onerari.

219 4197 227 4226 ¹
243 4195 347 4245 Ponitur
361 4195 433 4243 etiam
450 4209 493 4259 per
508 4193 681 4243 simulationem
701 4192 752 4240 sino
769 4209 826 4243 casu
846 4194 961 4242 secundo.
989 4196 1088 4245 Saeton.
1103 4197 1191 4246 Claud.
1211 4214 1233 4246 c.
1246 4199 1284 4246 45.

173 4262 248 4312 Mors
258 4262 315 4328 ejus
330 4262 411 4310 celata
422 4270 470 4310 est.
502 4261 590 4325 ltaque
609 4256 704 4309 inducti
712 4272 757 4323 per
772 4259 947 4308 simulationem
956 4259 1075 4317 eonati,
1084 4262 1128 4324 qui
1144 4264 1213 4313 velut
1222 4260 1283 4311 dcti-

163 4328 295 4382 derantem
308 4329 473 4382 oblectarent.

504 4552 636 4588 A.
