2670 4636
71 270 186 349 Quem]
415 272 470 333 DE
503 274 741 335 PARTI'CULIS
771 286 829 336 etc.
944 268 946 276 ’
998 266 1023 303 ”
1099 274 1159 337 309

103 416 170 466 illud
185 419 308 466 translate.
343 420 394 469 Cic.
411 420 428 466 l.
444 425 469 467 ⁶.
486 422 514 471 de
526 422 583 470 Fiu.
598 437 620 469 c.
631 426 655 470 2.
672 422 820 487 Quocunque
838 421 992 486 ingredimur,
1008 421 1034 469 in
1053 422 1157 485 aliquam
1223 468 1226 479 .

70 481 194 531 historiam
206 483 332 547 vestigium
343 483 462 546 ponimus.
470 486 489 516 ¹⁸
664 509 665 512 ¹

471 582 486 611 '
497 579 522 630 ἶ·
539 582 757 645 Οπιασιιπᾳιιε-ἱὺᾰ,

105 657 162 707 Lre.
171 659 189 706 l.
198 665 223 708 8.
235 676 257 708 c.
268 663 292 708 9.
309 661 456 724 Quocunque
469 661 559 710 Decius
566 666 632 724 equo'
638 663 747 712 invectus
757 672 803 719 est,
811 664 844 712 ibi
855 663 934 711 Latini
941 662 1004 711 baud
1009 677 1078 712 secus
1087 677 1158 727 quam

69 723 186 784 pestifero
192 724 271 772 sidere
280 725 324 774 icti
333 725 459 788 pavebant.

509 854 586 918 5111.
605 857 721 912 omnam.

104 932 158 982 Lio.
169 934 188 980 l.
199 940 223 982 ὁ.
234 951 256 983 c.
269 938 309 984 ol.
333 934 400 984 Galli
409 936 644 999 circumspectabant,
655 952 758 1000 quanam
770 951 813 1000 per
819 936 878 1001 juga
887 937 946 986 coelo
955 936 1040 1002 juncta
1050 935 1075 984 in
1085 935 1158 984 elium

69 996 154 1044 orbem
166 1008 278 1047 terrarum
289 1000 424 1048 transirent.

504 1143 616 1193 CAPUT
642 1144 731 1195 CCIV.

114 1257 163 1316 De
184 1257 365 1318 Proromiree
385 1258 807 1331 Quen1s,Qurrrscuuoun
827 1267 857 1318 ct
877 1257 1118 1326 Quenrsnrnnr.

472 1387 487 1418 ³
500 1392 523 1435 1.
541 1387 627 1443 Quulie
637 1389 753 1436 absolute.

107 1467 158 1515 Cic.
170 1468 200 1516 de
209 1466 288 1516 Amic.
299 1483 320 1515 c.
332 1471 371 1516 19.
387 1468 456 1531 Saepe
472 1466 622 1516 excellentie
638 1469 747 1531 quedam
761 1475 825 1524 sunt,
840 1467 917 1530 qualis
933 1474 986 1516 erat
1001 1466 1118 1531 Scipionis
1133 1466 1160 1516 in

70 1538 163 1587 nostro,
173 1539 200 1580 ut
208 1533 243 1581 its
251 1531 338 1589 dicem,
348 1547 429 1594 grege.

485 1613 500 1643 *
512 1617 536 1661 2.
555 1613 739 1668 Qualis-tolie.

110 1691 161 1740 Cic.
170 1707 214 1756 pro
225 1692 297 1741 Rose.
307 1692 362 1741 Am.
373 1708 395 1740 c.
407 1696 430 1740 8.
446 1693 481 1741 Te
491 1708 579 1756 quaeso,
594 1701 623 1740 ut
637 1694 731 1756 qualem
748 1699 773 1741 te
785 1692 836 1756 jans
852 1701 924 1741 antea
940 1693 1031 1757 populo
1047 1691 1158 1740 Romano

71 1756 205 1819 praebuisti,
216 1756 288 1803 telem
297 1763 322 1803 te
334 1767 359 1804 et
368 1757 436 1804 nobis
447 1766 472 1806 et
481 1757 571 1820 populo
583 1757 691 1805 Romano
703 1759 747 1805 hoc
757 1767 864 1822 tempore
874 1757 1004 1822 imperties.
1022 1758 1061 1807 Id.
1073 1757 1090 1805 l.
1100 1763 1124 1807 2.
1133 1763 1162 1806 cie

72 1819 128 1884 Off.
139 1825 212 1870 c.12.
227 1820 266 1869 Ita
276 1836 348 1884 saepc.

470 1903 485 1932 ³¹
496 1907 521 1951 8.
540 1902 761 1966 Qualis—periude.

44 1962 53 1973 ⁵
105 1980 162 2030 ete.
171 1983 189 2030 l.
200 1985 241 2030 27.
251 1999 273 2030 c.
286 1987 323 2045 17.
339 1983 450 2031 Indibilis
460 1984 565 2038 dicebat,
578 2000 604 2031 se
614 1984 640 2030 id
653 1984 789 2046 Scipionem
799 1998 873 2041 orare,
889 1992 916 2031 ut
926 1983 1009 2045 quales
1019 1997 1050 2031 ex
1059 1984 1106 2032 hac
1121 1983 1161 2033 die

71 2047 221 2110 experiundo
230 2049 346 2111 cognorit,
357 2048 457 2112 perinde
467 2064 544 2112 operae
555 2064 636 2096 eorum
646 2049 747 2111 pretium
758 2049 856 2097 iaceret.
968 2042 975 2057 ⁹

513 2145 528 2175 *
539 2149 563 2194 4.
581 2146 732 2202 Qualislibet.

109 2226 162 2274 Cir.
173 2226 264 2274 Lade
275 2225 336 2275 Ner.
347 2227 383 2276 D.
398 2241 420 2275 c.
431 2230 472 2275 37.
504 2226 558 2274 Hoc
577 2226 618 2289 qui
639 2226 761 2275 existimat
778 2227 831 2274 fieri
847 2225 963 2289 potuisse,
979 2241 1028 2274 uon
1043 2225 1163 2290 intelligo,

71 2305 116 2338 cur
125 2305 174 2337 non
187 2288 251 2337 idem
262 2297 339 2353 putet,
350 2291 371 2338 si
380 2290 565 2338 innumerabiles
575 2290 647 2338 unius
658 2300 684 2338 et
695 2292 778 2355 viginu'
791 2292 871 2339 formae
889 2292 1008 2338 literarum
1019 2291 1059 2338 vel
1075 2306 1163 2352 aureae,

72 2355 113 2466 vg
123 2353 272 2431 qualeslibet,
285 2354 366 2418 aliquo
377 2355 542 2420 conjiciantur,
559 2371 630 2419 posse
641 2372 669 2403 ex
680 2355 720 2404 his
730 2355 755 2403 in
765 2364 850 2404 terram
861 2355 970 2405 excussis
980 2355 1078 2404 annales
1091 2355 1163 2403 Ennii

71 2434 87 2518 ὲ
111 2434 144 2468 ω’
506 2491 531 2534 5.
550 2485 733 2548 Qualiscuuque.

108 2564 283 2626 thliscuuque
297 2580 327 2612 ex
337 2564 508 2627 quuiisactum,
524 2566 665 2627 plerumque
676 2565 728 2629 ejus
737 2564 786 2611 vim
802 2571 924 2612 extenuat.
957 2565 1008 2612 Cio.
1024 2563 1163 2614 l.1t.Att.

72 2633 164 2690 epti.
187 2627 268 2690 Turpe
278 2635 316 2676 est
329 2629 407 2687 nobis,
417 2629 495 2686 illurn,
512 2628 683 2692 qualiscunque
694 2637 739 2685 est,
755 2631 799 2676 hoc
812 2629 888 2691 primo
899 2643 960 2675 anno
970 2644 1049 2690 egere.
1081 2627 1165 2676 ldib-
1267 2690 1271 2698 Ι

72 2692 91 2741 l.
101 2697 143 2741 14.
162 2709 198 2755 ep.
209 2697 249 2740 16.
276 2692 392 2740 Homines
410 2693 551 2752 benevolos,
570 2695 746 2755 qualescunque
765 2700 830 2752 sunt,
847 2707 918 2755 grave
936 2700 974 2740 est
992 2691 1086 2753 insequi
1105 2705 1162 2740 con-

18 2825 24 2835 ·
72 2758 182 2805 tumelia.
197 2757 368 2822 wluoerertlrey
378 2758 477 2821 mmybe.
509 2757 1040 2820 *1117171ι.ιι.ιρ.2ι.ειι.ιε..φ.4.

464 2874 488 2918 6.
508 2869 777 2932 (indiscretique-telis.
1098 2929 1100 2932 Α

106 2953 233 3001 Interdum
250 2954 350 3002 refertur
363 2951 395 3000 ed
411 2953 475 3000 talis.
509 2952 561 2999 Gir.
574 2951 624 2999 13.
638 2953 668 2999 de
678 2951 738 3011 Leg-
749 2966 771 2998 c.
782 2955 821 2999 14.
837 2949 905 2998 Licet
916 2951 1006 3016 videre,
1021 2952 1163 3015 qualescun-

67 3022 122 3082 'que
133 3019 217 3066 summi
225 3018 331 3066 civitatis
339 3018 385 3064 viri
395 3024 458 3076 sunt,
472 3016 542 3062 telem
553 3015 675 3062 civitatem
686 3016 768 3063 fuisse.
788 3026 790 3030 “

440 3112 456 3142 ⁸
466 3117 491 3161 7.
508 3112 800 3174 Qualiscuuqrre-tumen.

107 3195 163 3271 Liri.
177 3196 194 3244 l.
205 3200 245 3244 29.
254 3211 276 3243 c.
287 3200 326 3245 17.
349 3195 533 3256 Qualescunque
544 3208 631 3249 sumus,
643 3200 723 3240 tamen
737 3194 797 3249 haec,
812 3209 866 3257 quae
876 3193 940 3257 passi
949 3208 1039 3250 sumus,
1056 3193 1107 3257 pati
1116 3207 1164 3242 non
1211 3184 1215 3190 ⁴

73 3261 210 3308 debmmus·
369 3325 384 3352 '
394 3328 419 3372 8.
438 3325 612 3385 Qualiscurtpue
622 3322 742 3371 divellitur
754 3323 879 3372 interdum.

111 3406 164 3454 Cic.
173 3405 191 3453 l.
202 3411 227 3455 2.
237 3408 266 3455 de
279 3406 340 3454 Nat.
351 3405 386 3454 D.
399 3419 421 3452 c.
433 3407 473 3451 30.
500 3402 601 3464 Aliquid
611 3404 718 3466 proiecto
728 3404 769 3461 sit,
779 3420 878 3453 necesse
888 3412 934 3461 est,
943 3405 1030 3452 melius
1040 3411 1065 3452 et
1074 3403 1163 3467 majore

73 3470 99 3518 vi
108 3470 234 3534 preditum
245 3487 315 3533 quem
326 3469 391 3525 deos,
401 3468 473 3532 quale
482 3466 508 3514 id
519 3482 613 3529 cunque
624 3477 667 3515 est.

514 3642 626 3695 CAPUT
652 3645 728 3693 CCV.

449 3763 499 3821 De
513 3761 662 3822 Aduerbio
676 3760 791 3828 Quem.

239 3892 254 3922 *
266 3897 290 3943 1.
308 3893 386 3949 Quem
396 3869 451 3955 poit
459 3891 595 3941 incredibile
605 3896 650 3947 est,
664 3890 764 3940 sentiret
777 3895 824 3936 cet.
833 3902 877 3950 pro
887 3891 1007 3949 quantum.

112 3971 194 4026 ctat.
206 3979 246 4023 13.
257 3973 314 4023 Ati.
325 3989 361 4037 ep.
370 3977 411 4023 2³.
426 3971 570 4020 Incredibile
586 3978 632 4026 est,
648 3987 720 4034 quam
733 3985 779 4033 ego
794 3969 841 4017 ista
856 3981 904 4014 non
922 3982 1012 4014 curem.
1043 3966 1081 4014 Id.
1093 3967 1167 4019 Brut.

74 4059 102 4092 c.
113 4045 154 4091 17.
171 4040 229 4088 Non
238 4038 366 4087 verisimile
376 4048 422 4095 est,
431 4037 545 4102 quamsit
554 4037 580 4083 in
592 4044 692 4100 utroque
701 4050 789 4098 genere
800 4041 825 4081 et
835 4031 918 4112 creber
927 4038 953 4079 et
958 4031 1086 4080 distinctus
1097 4032 1167 4083 Cato.

111 4264 133 4294 ¹⁸
149 4263 197 4312 Hic
208 4263 277 4310 locus
285 4261 327 4308 vix
336 4261 409 4308 habet
416 4260 495 4309 trelati
502 4259 639 4326 quicquam.
654 4258 721 4308 Nam
731 4257 835 4309 historia
846 4255 894 4307 liic
903 4263 946 4307 est
956 4256 1028 4307 locta
1042 4255 1091 4305 ubi
1100 4268 1194 4319 mamo·
1249 4283 1251 4286 <

69 4329 150 4376 rabe'le
155 4327 274 4388 quiddam.
294 4327 538 4391 Quoeeuaque'autem
548 4327 648 4395 proprie
658 4327 770 4396 positum
779 4325 891 4376 ridetur.
