2670 4636
171 166 214 227 rt
488 153 662 218 nortun
694 153 936 217 TURSELLINI
1192 160 1277 237 [aur

168 338 263 376 momen
282 320 475 387 relinquendum.
501 321 598 370 Tarm.
611 320 702 384 Hecyr.
714 323 772 370 4.4.
785 317 990 375 Reducuxorern,
1005 323 1048 366 aut
1060 285 1214 381 quamobrem
1224 334 1276 368 non

173 389 287 458 apussit,
298 388 368 438 cado.
398 387 452 436 cie.
462 386 481 434 l.
493 389 533 434 10.
550 386 606 436 Art.
618 400 656 449 ep.
664 389 704 436 14.
722 384 777 434 ras.
788 385 806 432 l.
817 390 843 434 6.
861 401 884 434 c.
895 388 936 432 18.
953 384 1005 432 etl.
1016 391 1040 432 et
1051 399 1073 431 c.
1084 386 1125 432 42.
1131 383 1153 418 ¹⁹

629 503 653 548 6.
669 499 721 549 Aut
735 499 815 548 etius.

207 585 260 634 Cic.
277 585 294 632 1.
305 589 330 634 2.
339 584 369 631 de
380 580 466 630 Dicin.
484 596 508 628 c.
516 583 557 629 26.
575 577 720 642 conjectura
735 578 810 626 omnis
828 577 933 642 ingeniis
950 579 1072 626 bominum
1086 578 1113 625 in
1132 578 1222 627 multas
1245 594 1277 627 ac

171 649 287 704 diversas,
307 655 348 695 aut
363 646 434 694 etiam
452 645 580 693 conmariaa
591 653 672 708 partes
692 658 757 708 saepe
771 642 906 693 deducitur.
925 644 991 692 [(1.1.
1004 645 1190 707 l·Fom.ep.9.
1210 645 1278 694 Cela.

170 715 222 766 bi.
234 731 257 763 c.
267 717 307 763 la.
325 712 341 761 1.
351 717 377 760 6.
388 728 409 759 c.
421 715 464 760 28.

631 796 656 840 4.
673 790 807 840 Artoarta.

206 877 270 925 Gela.
281 874 300 922 l.
309 879 333 923 1.
344 873 411 923 Med.
418 889 441 921 c.
451 875 478 921 2.
488 870 673 919 Exercitationis
684 870 826 933 plerumque
843 869 898 918 finis
914 886 968 919 esse
978 871 1051 919 debet
1061 871 1142 926 sudor,
1154 876 1197 918 aut
1208 877 1274 919 certe

170 940 297 1004 lassitudo,
308 953 361 1002 quae
373 938 431 987 citra
441 936 607 1000 fatigationem
617 936 656 982 sit.
672 936 712 984 Id.
723 934 739 982 1.
747 939 772 984 6.
783 951 805 983 c.
816 939 841 984 6.
855 936 873 985 l.
885 942 909 986 6.
920 952 944 984 o.
954 941 994 985 26.
1005 945 1031 984 et
1041 937 1058 983 1.
1068 941 1093 986 7.
1104 936 1174 998 pref.

582 1055 607 1098 6.
623 1048 750 1098 Aut—out
767 1050 848 1098 etiam.

207 1133 262 1182 Cic.
274 1133 291 1181 Ι.
302 1138 328 1182 6.
339 1132 407 1181 Taso.
417 1146 439 1180 c.
452 1134 493 1180 le.
527 1129 593 1186 Quid
609 1137 651 1177 aut
666 1130 729 1177 bunc
746 1129 865 1191 probibet,
882 1130 1006 1178 autetiam
1022 1130 1181 1179 Xenocratem
1194 1129 1277 1188 illum,

171 1198 198 1248 in
216 1199 303 1248 virtute
313 1197 389 1246 vitam
398 1195 559 1244 beatissimam
568 1195 677 1259 ponere?
695 1195 735 1242 ld.
744 1195 762 1241 l.
770 1199 795 1244 4.
807 1193 864 1244 Ati.
873 1210 909 1258 ep.
922 1200 945 1243 1.

584 1305 631 1356 *6.
644 1306 771 1357 Ast—aut
787 1312 859 1357 carte·
895 1362 898 1370 ,

207 1391 262 1439 Cic.
272 1391 346 1439 Orat.
357 1405 380 1439 c.
392 1393 415 1438 6.
432 1387 512 1437 Video
523 1388 584 1436 banc
595 1389 695 1452 primam
711 1387 883 1452 ingressionem
902 1404 979 1436 meam
997 1404 1051 1436 curn
1067 1389 1199 1451 antiquam,
1219 1395 1274 1436 tum

171 1454 350 1512 subobscuram,
363 1462 405 1502 aut
415 1453 606 1516 reprehensionis
622 1454 722 1516 aliquid,
734 1461 776 1502 aut
795 1461 860 1502 certe
879 1454 1041 1502 admirationis
1056 1454 1199 1502 habituram.
1231 1455 1274 1502 ld.

173 1520 254 1584 Topic.
264 1535 286 1568 c.
298 1523 337 1570 17.
353 1526 378 1568 et
387 1519 405 1567 l.
412 1523 436 1567 6.
445 1519 514 1567 Fam.
525 1533 561 1582 ep.
573 1523 597 1567 9.
614 1519 670 1567 liv.
681 1518 698 1566 l.
709 1523 733 1568 2.
745 1534 766 1567 c.
778 1521 801 1566 1.
813 1528 837 1566 et
845 1519 862 1566 1.
870 1523 911 1568 46.
921 1535 944 1568 c.
952 1524 993 1570 46.

585 1633 601 1662 ⁸
613 1637 637 1681 7.
655 1630 783 1680 Aut—out
798 1647 861 1682 vero.
940 1669 953 1676 -

206 1715 257 1764 cto.
268 1719 284 1763 4
300 1715 370 1764 Verr.
380 1730 403 1762 c.
415 1719 455 1764 35.
473 1715 553 1771 Quem
562 1713 608 1761 tibi
618 1720 660 1761 aut
670 1711 801 1767 hominurn,
815 1711 899 1760 invitis
909 1711 954 1760 diis
964 1711 1145 1770 immortalibus,
1160 1717 1203 1760 aut
1214 1727 1276 1760 vero

170 1780 250 1837 deum,
261 1780 335 1827 tantis
345 1795 426 1827 eorum
437 1779 592 1842 religionibus
603 1778 704 1833 violatis,
716 1777 804 1824 auxilio
814 1777 919 1826 futurum
930 1778 1015 1844 putas?

544 1892 555 1916 ⁹
567 1897 591 1942 8.
608 1891 736 1941 Aut-ast
746 1905 776 1940 aa
786 1880 888 1955 quidem.

205 1973 257 2023 Cic.
268 1973 285 2020 l.
296 1976 320 2021 6.
328 1971 384 2022 Att.
394 1988 429 2036 ep.
440 1976 481 2022 22.
499 1972 551 2036 Ego
559 1971 611 2037 jam
621 1980 662 2020 aut
673 1987 731 2027 rem,
742 1977 784 2020 aut
793 1987 825 2020 ne
837 1987 906 2036 spem
916 1972 1013 2036 quidem
1024 1978 1132 2035 expecto.

555 2086 572 2116 ⁴*
579 2091 604 2135 9.
614 2085 737 2136 Aut-cel
753 2084 828 2134 ratim
838 2092 885 2134 est.

204 2168 281 2216 Tacit.
292 2165 357 2215 Ana.
369 2168 387 2214 1.
398 2171 422 2215 2.
431 2183 453 2216 c·
464 2171 505 2217 76.
515 2169 530 2231 §
542 2171 569 2217 4.
577 2167 635 2215 Non
646 2168 760 2216 adsersus
771 2166 820 2215 divi
832 2165 935 2230 Augusti
945 2167 1081 2215 acerrimam
1097 2172 1213 2223 mentem,
1225 2181 1275 2215 nec

169 2240 252 2282 conae
259 2231 313 2281 Caii
324 2240 365 2280 aut
374 2231 479 2288 Claudii,
497 2233 536 2280 rel
546 2231 652 2281 Neronis
668 2232 791 2280 fundatam
801 2233 873 2295 longo
884 2232 984 2295 imperio
1002 2231 1097 2279 domum
1115 2232 1276 2296 exsurgimus.

589 2377 704 2427 carus
734 2378 850 2429 xxxux,
924 2357 927 2363 '

500 2492 550 2551 De
566 2491 782 2570 conjonctione
798 2493 928 2552 Aurem.

200 2609 225 2654 1.
244 2603 416 2653 Cossuscrro
431 2607 510 2652 cutem
526 2617 590 2666 saepe
607 2602 704 2665 quidem
719 2603 784 2651 idem
804 2610 848 2659 est,
868 2602 933 2666 quod
950 2604 1005 2651 sed:
1022 2617 1105 2649 verum
1127 2602 1270 2668 plerumque

168 2671 292 2718 continuat
310 2669 453 2741 orationem,
469 2683 514 2714 nec
531 2674 579 2714 tam
590 2667 708 2730 significat
722 2671 771 2725 sed,
787 2682 858 2729 qnam
875 2673 907 2718 et.
940 2667 1007 2714 Nihil
1018 2682 1078 2731 opus
1090 2674 1128 2715 est
1143 2670 1272 2734 exemplis,

167 2751 221 2800 quae
229 2733 321 2800 passim
330 2740 471 2795 occurrunt3
489 2732 547 2780 satis
557 2739 595 2779 est
605 2732 735 2782 monuisse.
769 2732 784 2762 ⁸
803 2732 858 2780 Huc
868 2733 974 2795 pertinet

517 2845 530 2870 ⁸
539 2851 566 2896 2.
580 2845 671 2906 Autem
685 2846 712 2894 in
723 2848 910 2896 enumeratione.

199 2927 288 2980 Autem
298 2929 323 2977 in
338 2929 411 2977 rebus
425 2927 592 2976 enumerandis
603 2928 780 2977 continuationi
795 2929 910 2977 sermonis
923 2926 1004 2982 servit,
1013 2926 1049 2974 uti
1058 2941 1122 2976 cero.
1150 2927 1203 2977 cte.
1213 2928 1232 2975 l.
1243 2935 1269 2979 7.

167 2995 238 3044 Faria.
248 3011 286 3058 ep.
295 2999 336 3044 12.
345 2993 395 3043 Ubi
409 3008 478 3055 porro
493 2993 535 3041 illa
546 2994 591 3040 erit
600 2994 701 3041 formula
717 2993 822 3042 fiduciae:
840 2994 903 3042 iuter
912 2995 989 3041 bonos
1002 2993 1064 3039 bene
1074 2993 1140 3054 agier
1154 2994 1271 3056 oportet?

166 3059 389 3187 ἓιέἕιέἑέιέῐὲῑξωοε
400 3059 521 3107 commrmi
531 3057 681 3106 dividundo?
699 3058 828 3115 Quomodo
842 3068 924 3107 autem
933 3055 977 3124 tibi
988 3057 1095 3122 placebit
1104 3057 1120 3106 J
1122 3073 1192 3105 ouem
1204 3058 1267 3122 lapi-

230 3243 257 3286 6.
272 3235 361 3285 Autem
369 3253 424 3285 cum
433 3236 618 3300 interrogatione
628 3237 642 3267 ⁵
654 3245 693 3285 est
703 3238 814 3285 instantis
831 3245 857 3285 et
867 3239 981 3301 urgentis,
994 3237 1140 3301 indignantis
1151 3246 1199 3286 cet.

196 3317 290 3366 Verum
301 3333 356 3365 cum
366 3317 519 3381 interrogatio
530 3317 664 3379 subjicitur,
676 3316 752 3365 servit
761 3317 910 3366 correctioni.
931 3319 983 3368 Cic.
994 3333 1037 3381 pro
1049 3318 1112 3367 Rus.
1123 3319 1194 3368 Post.
1206 3335 1228 3367 c.
1240 3326 1267 3369 5.

164 3382 232 3432 Num
242 3383 296 3446 quis
305 3383 374 3429 testis
390 3382 547 3430 Postbumum
557 3382 705 3444 appellavit?
722 3383 791 3430 testis
801 3383 899 3430 autem?
915 3384 977 3432 shall
997 3385 1014 3433 1
1029 3398 1079 3444 say,
1093 3397 1119 3430 aa
1129 3399 1144 3431 o
1154 3383 1269 3434 witness?

166 3449 233 3497 [(1.1.
246 3453 284 3497 12.
297 3447 351 3498 Aa.
363 3462 398 3510 ep.
409 3452 449 3496 42.
462 3447 511 3494 Sed
520 3446 634 3494 ferendus
645 3447 687 3493 tibi
705 3446 728 3493 in
750 3449 795 3496 boc
806 3462 876 3496 meus
885 3464 963 3497 error:
981 3448 1090 3496 ferendus
1101 3448 1197 3494 autem?
1215 3448 1265 3496 imo

165 3529 221 3562 vero
232 3514 303 3561 etiarn
316 3511 506 3576 adjuvandus.2⁰
527 3513 566 3560 Id.
577 3511 594 3557 Ι.
606 3515 629 3558 5.
640 3510 697 3560 Ait.
708 3527 745 3574 ep.
758 3516 797 3560 13.
814 3513 901 3560 Meum
911 3524 947 3561 est
957 3514 1016 3561 scire
1029 3521 1053 3560 et
1068 3527 1159 3568 curare,
1171 3512 1229 3574 quid
1239 3513 1268 3561 in

163 3578 258 3642 republ.
268 3579 323 3625 fiat:
337 3579 378 3624 fiat
389 3577 481 3622 antem?
498 3575 615 3623 imovero
627 3576 697 3624 etiam
709 3576 767 3639 quid
776 3577 883 3625 futurum
893 3579 932 3626 sit.
956 3576 1085 3627 AddAtt.
1093 3576 1110 3623 1.
1120 3581 1145 3625 6.
1156 3592 1192 3639 ep.
1204 3580 1228 3624 2.
1239 3583 1266 3625 et

165 3644 184 3691 l.
193 3649 259 3706 Μ).
268 3647 292 3692 1.
305 3643 365 3690 otia
374 3641 428 3690 Pia.
436 3655 458 3688 c.
470 3644 512 3688 67.
520 3647 546 3688 et
557 3641 582 3686 in
592 3641 688 3691 Terent.
699 3643 791 3692 Heaut.
803 3645 827 3690 2.
839 3647 863 3690 6.

198 3709 213 3739 ⁸
223 3709 308 3757 Liuius
326 3706 393 3754 addit
403 3706 463 3753 'dico
473 3705 491 3751 1.
501 3709 542 3754 21.
554 3721 575 3753 c.
583 3709 625 3755 44.
643 3707 730 3754 Parum
741 3715 786 3762 est,
798 3707 862 3770 quod
877 3708 1015 3755 veterrimas
1025 3707 1160 3770 provincias
1170 3713 1268 3755 nostras

164 3773 270 3822 Siciliam
289 3779 316 3820 et
330 3769 462 3819 Sardiniam
473 3769 572 3825 ademit,
587 3771 634 3818 nisi
644 3773 735 3820 'adimat
745 3772 818 3820 etiam
828 3771 977 3838 Hispanias?
994 3773 1040 3820 etsi
1054 3772 1111 3821 inde
1123 3787 1225 3829 cessero,
1236 3772 1264 3820 in

163 3837 272 3886 Africam
281 3835 453 3885 banscendes?
471 3834 729 3885 Transcendesautem
739 3836 809 3885 dico?

193 4030 218 4065 '¹⁹
227 4029 279 4079 Aut
290 4029 368 4076 solum
379 4028 482 4091 ponitur,
494 4036 520 4077 ut
535 4045 564 4077 ex
579 4031 619 4077 his
635 4035 734 4093 apparet
745 4031 870 4094 exemplis,
889 4031 914 4077 iu
929 4030 999 4078 rebus
1014 4029 1120 4092 ingratis,
1132 4028 1263 4093 dequibus

162 4095 321 4160 indignamur.
338 4094 400 4158 (Sed
410 4094 464 4157 ejus
481 4095 516 4142 rei
532 4096 599 4143 nulla
614 4103 651 4142 est
666 4095 806 4142 necessitas.
840 4096 904 4143 Nam
921 4102 1014 4158 poterat
1032 4095 1103 4141 etiam
1121 4094 1198 4157 primo
1216 4110 1265 4142 nu-

162 4176 229 4212 mero
240 4165 283 4209 out
293 4158 365 4206 addi:
378 4158 439 4207 sicut
449 4175 492 4207 nos
502 4159 562 4208 illud
570 4162 688 4210 entweder
702 4160 755 4224 (or)
767 4171 792 4208 et
801 4161 912 4224 ponimus
920 4168 945 4210 et
954 4160 1092 4216 omittimus,
1103 4167 1131 4208 ut
1140 4159 1228 4224 lubet.)

185 4225 362 4275 ²⁰bmbinus
370 4230 397 4273 et
405 4225 532 4278 Stamina
540 4226 581 4277 bic
589 4241 639 4277 oon
647 4226 736 4276 babent
745 4231 837 4277 ostem.
