2670 4636
174 255 236 319 367
504 256 675 317 Honesti
694 256 945 319 'TURSELLlNl
1150 263 1279 341 [ousta

174 410 220 456 bet·
230 406 279 455 rina
288 403 387 454 vitalem
395 410 440 467 p'er
449 417 541 453 omnem
557 405 672 454 muudum
683 406 852 467 pertinentem.
884 407 924 457 Μ.
937 406 954 454 l.
964 410 989 456 1.
1003 407 1073 468 Μ.
1087 422 1110 455 c.
1118 410 1162 458 23.
1179 407 1211 457 In
1221 418 1281 473 pro·

177 472 298 520 fundende
315 485 373 517 voce
391 483 461 516 omne
479 484 564 533 corpus
581 472 743 519 contenditur.
777 472 815 519 Μ.
827 473 900 520 Brut.
911 488 933 520 c.
943 476 984 521 92.
1007 471 1080 521 Omni
1098 473 1153 521 lmic
1172 476 1278 525 wmoni

178 536 326 600 propositum
337 542 383 591 ast,
393 550 442 581 nou
452 542 480 582 ut
491 534 615 598 ingenium
627 551 706 583 meum
717 543 743 582 et
754 535 917 597 eloquentiam
928 537 1068 601 perspicias,
1078 539 1121 584 sed
1132 544 1162 585 ut
1170 539 1278 589 laborem

178 610 204 649 et
220 600 367 648 industriam.
384 598 528 660 throughout
538 600 579 648 tle
589 601 663 648 atate
673 600 702 659 of
709 600 758 648 tliie
769 603 888 650 detonsas
897 602 919 649 tt
930 601 1000 664 temp
1010 601 1096 662 street,
1106 605 1148 666 qu.

431 701 456 747 2.
469 697 554 747 omnis
563 713 606 760 pto
618 699 757 762 quicunque,
766 697 822 746 'vel
832 699 908 748 omnis
916 699 1018 762 gesem.

210 796 278 844 Alias
287 810 331 858 pro
341 798 479 857 quietaque.
514 793 566 842 Cic.
579 809 623 857 pro
635 794 706 842 Roas.
717 793 774 843 Ant.
785 810 806 841 c.
818 799 858 843 27.
886 794 921 843 Ut
930 811 979 844 nou
990 811 1085 844 omnem
1095 796 1188 859 frugem
1198 813 1276 862 aeque

177 863 281 911 arborem
292 862 319 907 in
329 859 395 906 omni
405 873 461 922 agro
470 857 575 921 reperire
585 858 663 922 possis
674 876 680 904 r
697 858 731 905 sic
743 874 790 907 uon
801 874 870 908 omne
880 859 975 908 facinus
989 862 1015 909 in
1026 862 1092 909 omni
1102 862 1154 909 vita
1165 862 1277 911 nascitur.

177 928 215 976 Μ.
226 927 242 977 Ι.
254 931 278 975 l.
289 928 318 974 de
330 925 357 973 N
358 957 365 970 .
376 925 411 974 D.
421 940 443 972 e.
456 927 495 972 10.
511 923 567 970 Non
577 937 657 979 omne,
668 923 733 986 quod
743 932 822 971 ortum
832 932 877 980 ast,
886 925 1013 974 mortalitas
1024 929 1186 989 conssqmtnc

537 1019 551 1048 *
560 1023 586 1068 3.
605 1021 690 1071 Omnis
700 1036 753 1070 cum
764 1021 919 1085 superlativo.

213 1105 264 1154 Cir.
275 1104 292 1150 1.
303 1108 328 1151 6.
340 1102 409 1152 Fam.
419 1117 456 1164 ep.
466 1105 506 1151 19.
521 1101 608 1150 Otium
622 1102 688 1150 omui
703 1101 863 1151 desertissima
876 1104 973 1167 regione
989 1103 1073 1168 sunjus.
1087 1119 1148 1167 pro:
1163 1105 1277 1159 deserte

178 1185 238 1220 sima
264 1184 295 1216 ua
311 1183 350 1216 ue.

248 1184 263 1231 q
295 1183 310 1232 q
479 1237 503 1281 i.
522 1231 606 1280 Omnis
618 1245 660 1294 per
669 1232 842 1280 traductionem
854 1233 971 1283 iteratum.

211 1317 341 1378 Eleganter
355 1313 432 1362 omnis
450 1329 491 1375 per
509 1311 683 1363 traductionem
700 1313 807 1362 iteratur.
843 1314 997 1377 Virgilii.
1011 1316 1101 1378 Georg.
1124 1315 1182 1365 Non
1201 1318 1277 1367 omnis

179 1382 225 1430 fert
242 1379 321 1429 omnia
336 1379 417 1428 tellus.
450 1379 489 1426 Μ.
508 1379 591 1439 Eclng.
607 1382 631 1426 8.
645 1394 668 1424 v.
680 1381 722 1426 63.
748 1377 806 1426 Non
823 1378 903 1426 omnia
916 1394 1041 1441 possumus
1053 1395 1147 1432 omnes.
1166 1389 1192 1430 et
1202 1383 1276 1432 Lacr.

178 1448 196 1495 l.
208 1452 233 1495 5.
247 1446 297 1494 cta.
307 1446 333 1491 in
343 1445 414 1493 Orat.
424 1459 446 1491 c.
459 1447 483 1491 1.
499 1443 546 1490 Par
556 1449 593 1490 est
604 1457 687 1489 omues
697 1443 776 1490 onmia
785 1444 897 1506 experiri.
914 1444 1021 1491 *Adel
1032 1450 1056 1494 7.
1067 1445 1124 1495 Art.
1135 1462 1172 1510 ep.
1183 1450 1208 1496 3.

213 1517 238 1560 5.
249 1511 317 1572 Saepe
328 1509 393 1556 valet
403 1509 453 1555 haec
464 1506 582 1556 traductio
593 1507 623 1554 ad
637 1507 739 1555 breviter
754 1508 954 1569 amplificandum.
973 1510 1024 1558 cte.
1037 1526 1081 1573 pro
1097 1511 1186 1560 Rabir.
1201 1513 1276 1561 Pers.

179 1593 200 1625 c.
210 1580 234 1624 6.
251 1576 341 1621 Omnes
353 1574 459 1620 omnium
468 1572 577 1620 ordinum
592 1572 710 1619 homines.
743 1573 782 1621 ld.
794 1573 811 1621 l.
824 1577 847 1621 5.
861 1573 930 1622 Taso.
943 1589 965 1622 c.
977 1577 1018 1623 32.
1035 1574 1127 1624 Omnes
1138 1576 1276 1640 philosophi

178 1641 284 1689 omnium
295 1637 483 1701 disciplinarum.
517 1639 555 1685 Μ.
565 1638 583 1684 1.
594 1641 619 1684 2.
628 1638 684 1686 Ast.
694 1653 730 1701 ep.
741 1641 780 1685 10.
796 1637 835 1684 Ita
850 1645 904 1684 sunt
919 1640 999 1686 omnia
1009 1640 1115 1687 omnium
1132 1640 1278 1689 miseriamm

179 1705 325 1769 plenissima.
354 1704 394 1751 Id.
415 1708 430 1750 2
445 1703 538 1764 Ρ1111ρ.
553 1719 575 1750 c.
592 1706 633 1750 30.
651 1702 690 1749 Ex
706 1702 816 1749 omnibus
833 1704 937 1750 omnium
954 1703 1050 1768 flagitiis
1073 1704 1169 1752 nullum
1184 1707 1277 1771 turpius

178 1771 236 1827 ridi,
247 1770 339 1817 nullum
350 1768 440 1822 audivi,
454 1781 526 1829 quam
536 1766 601 1829 quod
611 1772 656 1815 cet.
689 1767 727 1814 Μ.
739 1767 754 1814 Ι.
766 1771 791 1815 9.
802 1767 871 1815 Fam.
883 1783 919 1830 ep.
931 1773 955 1816 6.
967 1770 981 1832 ς
992 1772 1032 1828 11.
1056 1768 1177 1818 Omnibus
1193 1786 1277 1819 ornnes

179 1851 238 1898 opes
249 1833 414 1882 concesserim.
432 1832 471 1880 Μ.
483 1835 498 1878 2
509 1831 572 1892 Agr.
583 1848 606 1879 c.
615 1835 655 1880 23.
672 1830 782 1894 Iniquum
798 1840 844 1888 est,
856 1831 940 1879 decem
949 1833 1013 1880 viros
1028 1834 1157 1897 portitores
1167 1836 1278 1884 omnibus

176 1901 281 1948 omnium
291 1897 401 1962 pecuniis
412 1897 531 1945 constitui.

575 1957 600 1982 ⁸⁹
611 1963 636 2008 6.
655 1960 741 2008 Omnis
750 1960 864 2009 abundat.
1043 1946 1057 1977 ⁸

213 2046 293 2096 Valer.
307 2046 378 2093 Max.
390 2045 408 2090 1.
420 2048 443 2093 1.
456 2058 478 2089 c.
488 2049 513 2091 5.
532 2040 707 2090 Animadvertit
724 2041 844 2089 immense
855 2041 1025 2104 magnitudinis
1040 2055 1183 2108 serpentem,
1194 2063 1278 2106 omne,

178 2110 291 2174 quicquid
302 2111 395 2157 obviam
405 2108 490 2162 luerat,
501 2115 671 2170 proterentem.
681 2107 775 2179 'Litana-
786 2107 804 2155 1.
816 2110 840 2154 6.
850 2123 877 2170 p.
888 2111 945 2156 tto.
956 2109 1050 2173 Popmo
1060 2111 1078 2156 1.
1087 2113 1111 2159 2.
1121 2113 1150 2160 de
1158 2112 1210 2161 Um
1220 2113 1277 2162 Att-

179 2173 468 2300 tqqreqpcbcqqoetflpllol·
478 2176 502 2220 3.
513 2185 595 2234 progr.
605 2174 645 2219 43.
663 2172 702 2218 Sic
710 2173 817 2234 plerique
827 2187 905 2220 ornnes
915 2188 958 2235 pro
967 2175 1082 2237 plerique.
1089 2176 1108 2208 ¹⁹
1142 2177 1231 2226 wem,
1243 2180 1277 2228 aa

468 2332 480 2356 ’
492 2338 515 2382 7.
535 2333 621 2381 Omnis
631 2332 661 2379 de
672 2333 781 2395 personis
790 2334 936 2382 rarissimum
944 2343 988 2384 est.

210 2418 264 2466 Lis.
278 2416 296 2463 l.
308 2422 333 2466 7.
348 2432 369 2463 c.
384 2418 425 2463 32.
443 2413 550 2476 Populus
561 2412 684 2460 Romanus
691 2413 821 2476 triumphos
829 2414 891 2462 bene
903 2417 991 2478 plures,
1002 2433 1073 2480 quam
1090 2434 1164 2468 annos
1176 2420 1206 2468 ab
1218 2421 1276 2470 urbe

178 2482 282 2536 condita,
294 2489 420 2537 numerat;
444 2479 484 2542 qui
495 2479 576 2526 omnia
591 2479 653 2526 circa
666 2494 701 2534 se,
717 2477 824 2535 Sabinos,
837 2480 958 2537 Etruscos,
970 2482 1074 2539 Latinos,
1094 2484 1222 2540 Hernicos,
1234 2487 1277 2533 ΙΕ-

178 2562 248 2610 quos,
263 2546 373 2601 Volscos,
390 2544 525 2599 Auruncos,
541 2543 631 2591 domita
647 2543 718 2590 armis
734 2543 826 2591 hebeat.
859 2545 948 2608 (Immo
964 2548 1049 2596 Sabini
1059 2557 1109 2597 etc.
1125 2565 1169 2613 pro
1181 2551 1277 2599 sedibus

177 2615 264 2661 horum
276 2610 419 2675 populorum
427 2618 556 2673 pouumur,
567 2615 595 2655 ut
604 2623 667 2671 saepe
678 2609 705 2654 fit
716 2611 780 2671 apud
792 2609 897 2665 Liuiam,
910 2613 1037 2668 Coesarera,
1050 2623 1076 2661 et
1085 2629 1148 2678 quos
1158 2631 1208 2663 non
1218 2617 1239 2679 3)

461 2705 476 2735 ¹
488 2709 511 2753 8.
530 2706 741 2771 Omnis-aliquis.
761 2707 992 2772 Omnes-plerique.

208 2790 264 2839 Lis.
275 2790 326 2839 16.
337 2761 360 2838 o·
371 2792 411 2839 18.
428 2788 574 2837 Audendum
590 2795 628 2835 est
645 2784 741 2849 aliquid'
753 2788 875 2844 universis,
891 2797 932 2836 aut
946 2790 1024 2837 omnia
1036 2769 1144 2854 singulis
1154 2793 1275 2856 patienda·

180 2855 231 2904 Cic.
243 2856 260 2904 l.
271 2859 296 2903 2.
317 2857 346 2903 de
361 2856 456 2902 Inveni.
467 2869 489 2901 c.
501 2853 541 2901 14.
550 2860 609 2900 extr.
644 2853 702 2898 Pars
719 2861 756 2899 est
767 2853 926 2916 pervagatior,
941 2861 1019 2903 etant
1030 2855 1055 2905 in
1064 2873 1151 2905 omues
1168 2858 1275 2923 ejusdem

178 2921 280 2984 generis,
292 2918 369 2967 autin
380 2919 505 2983 pleraeque
517 2933 601 2965 causas
613 2919 798 2967 accommodata.

489 3016 503 3045 ⁸
516 3021 540 3064 9.
559 3017 647 3064 Omnes
663 3015 754 3076 singuli
764 3016 910 3064 rarissimum
920 3024 966 3064 eet.

213 3099 288 3147 Varro
298 3100 316 3145 1.
326 3103 351 3147 9.
363 3100 392 3147 de
403 3098 435 3145 Ι..
445 3097 475 3146 I..
486 3101 541 3145 st.
558 3096 649 3144 Harum
664 3096 822 3158 analogiarum
836 3098 938 3161 primam
948 3099 1016 3162 sequi
1026 3099 1102 3149 debet
1113 3101 1228 3164 populus,
1238 3116 1275 3150 ω.

176 3164 278 3212 tundam
290 3178 372 3211 omnes
380 3160 470 3223 singuli
480 3179 493 3209 e
504 3161 602 3224 populo,
617 3162 709 3209 tertiam
721 3172 808 3224 poetar.
1142 3195 1146 3201 .

437 3258 502 3306 210.
521 3260 616 3314 Omnes,
631 3258 769 3322 quicunque.
788 3261 884 3326 Omnes,
895 3267 1016 3325 quotquot.

213 3339 531 3388 metanomiam.
549 3338 605 3386 Non
623 3340 710 3392 onmia,
728 3355 875 3402 quecunque
890 3343 1019 3406 loquimur,
1040 3344 1097 3390 milri
1111 3343 1225 3394 videntur
1244 3344 1273 3392 ad

175 3411 250 3451 artem
261 3411 286 3450 et
304 3410 426 3466 precepta
440 3420 492 3450 esse
502 3403 643 3451 revocanda.
678 3404 741 3453 itia.
753 3404 770 3451 l.
781 3411 807 3452 et
818 3422 839 3452 c.
849 3411 874 3455 2.
890 3407 978 3454 Omnia
994 3422 1144 3470 quascunque
1160 3411 1185 3456 iu
1200 3410 1271 3457 homi-

176 3485 233 3516 uum
245 3468 444 3531 disceptationem
459 3467 544 3516 cadere
556 3478 662 3531 possunt,
679 3469 742 3516 bene
759 3477 814 3516 suut
824 3471 847 3517 ei
859 3471 968 3527 dicenda,
980 3472 1021 3534 qni
1037 3474 1083 3520 hoc
1095 3488 1122 3519 se
1135 3489 1206 3535 posse
1219 3490 1271 3540 pro·

179 3534 264 3582 litetur.
282 3535 320 3581 Μ.
338 3535 391 3582 1.1.
410 3536 480 3582 Taac.
498 3539 553 3581 c.5.
577 3534 678 3596 Omnes,
697 3535 833 3596 quicunque
850 3537 902 3583 nati
920 3547 975 3585 sunt
993 3545 1103 3593 eruntne,
1126 3553 1176 3585 non
1198 3539 1272 3587 solum

179 3599 266 3654 miseri,
283 3598 326 3646 sed
345 3599 419 3646 etiam
434 3614 528 3660 semper
544 3599 634 3645 miseri.
668 3599 768 3649 Hirtiae
779 3601 796 3647 l.
808 3605 832 3648 8.
843 3601 879 3661 Β.
889 3602 923 3648 G.
932 3619 954 3649 c.
967 3609 991 3650 5.
1003 3603 1015 3664 §
1026 3605 1051 3650 3.
1064 3603 1116 3650 Cic.
1128 3604 1144 3650 Ι.
1155 3608 1193 3651 11.
1206 3604 1271 3653 Fam.

176 3679 213 3726 ep.
225 3669 266 3714 23.
281 3664 307 3711 Si
318 3664 407 3711 frenum
416 3664 574 3720 momorderis,
585 3679 690 3726 peream,
701 3663 722 3711 si
731 3672 756 3712 te
767 3680 859 3721 omnes,
869 3674 988 3729 quotquot
999 3675 1061 3722 sunt,
1073 3675 1200 3716 conantem
1211 3669 1272 3732 loqui

176 3729 237 3777 ferre
250 3737 373 3792 poterunt.

568 3794 583 3822 *
597 3797 636 3841 11.
656 3796 884 3857 Omne-qaantant.

212 3876 263 3923 Cic.
278 3879 292 3924 3
309 3876 377 3925 Verr.
391 3891 413 3922 c.
424 3878 464 3922 10.
482 3873 570 3922 Praetor
580 3885 664 3935 poscet
674 3890 752 3937 omne,
765 3886 879 3939 quantum
888 3891 994 3925 ararero.

427 3970 440 3998 “
453 3975 493 4019 12.
513 3971 734 4032 Omnis-praetem
757 3973 1030 4038 omnia-preterquam.

212 4049 263 4095 Cio.
276 4048 291 4093 Ι.
302 4054 326 4096 7.
339 4050 407 4097 Fam.
418 4065 455 4111 ap.
467 4053 506 4096 33.
524 4049 554 4096 In
563 4049 594 4096 iis
607 4050 681 4097 literis
689 4054 770 4099 omnia
779 4053 836 4100 mihi
850 4053 995 4116 perjucunda
1004 4055 1099 4102 fuerunt
1110 4064 1196 4117 prater
1206 4057 1271 4111 illud,

178 4112 243 4176 qnod
254 4127 334 4173 parum
346 4112 473 4176 diligenter
482 4115 599 4176 praesessio
613 4115 740 4164 salinarum
746 4133 851 4165 mearum
863 4117 1008 4167 detenditur.
1025 4122 1065 4169 Μ.
1077 4122 1093 4167 l.
1105 4125 1128 4168 5.
1142 4122 1198 4170 Aet.
1207 4136 1242 4186 ep.
1251 4128 1271 4170 1.

494 4277 497 4283 -
557 4313 577 4345 Ν
594 4278 642 4361 llel
653 4316 944 4379 proomneaplernntqttt.
984 4390 989 4403 ,
