2670 4636
196 260 255 320 444
515 256 686 319 444444
712 255 955 319 4444444444
1185 261 1284 339 roro

151 366 153 379 ⁸
196 405 553 471 emmeramum
579 404 1283 470 -oeur.c.rm;.1r.ereurep.e.u.err.

200 471 271 520 11444.
283 473 356 520 411.
371 469 490 535 (elegans
506 471 653 521 4411444414
666 475 726 528 hee,
736 472 762 520 14
777 470 901 535 principiis
913 471 1141 521 demonstreticnum
1153 469 1283 535 snp'urime

198 533 310 585 Ciceroni
320 544 442 600 usurpetc.
475 535 556 585 Fluxit
564 552 580 586 u
589 537 692 600 Grecis,
706 537 815 601 inprimis
824 535 969 599 Somticir.)
1162 564 1165 571 ι

237 631 303 684 ⁶28.
321 632 386 691 Quid
403 639 474 686 oerot
491 634 557 691 Quid
574 632 651 698 ergo?
667 634 834 748 mppr?
849 631 1044 698 argumentantis,
1062 631 1243 693 concludentis,

193 818 196 825 .
230 777 282 828 Cic.
293 783 310 829 1
322 778 391 830 Vere.
401 795 423 829 4.
434 783 474 831 49.
492 779 557 839 Quid
569 781 641 830 vero?
656 780 754 829 modum
763 786 891 833 rtutnurum
901 780 989 828 hibere
998 778 1093 827 nullum
1103 779 1204 842 plcet?
1221 778 1282 844 utqui

196 834 319 901 1441444444.
328 859 424 894 necesse
435 852 481 897 est.
499 846 537 896 11.
546 847 565 895 l.
575 848 636 895 414
649 848 720 896 Oret.
730 861 752 894 c.
760 849 800 894 44.
833 842 899 902 Quid
908 844 982 907 ergot
997 844 1042 892 1444
1055 843 1163 901 0444444,
1174 845 1281 908 quonium

195 907 248 972 ejus
259 909 363 958 abuteris
372 909 477 966 nomine,
485 911 543 974 quid
553 910 642 959 edicit?
660 910 700 960 ld.
712 910 786 959 114444.
798 911 873 958 416.
904 909 969 966 Quid
980 909 1052 972 ergo?
1069 916 1138 958 estne
1145 909 1194 957 1444
1202 908 1283 959 Fannii

195 972 288 1021 cretici
304 988 361 1022 num
376 975 440 1021 veria
454 975 534 1038 opinio
550 975 629 1039 pueri·
644 974 713 1025 nobie
729 982 789 1023 erut.
813 974 876 1023 lus
889 973 957 1024 Verr-
967 989 988 1024 c.
999 976 1067 1023 1444
1082 975 1114 1024 V.
1123 990 1146 1022 c.
1156 977 1200 1024 46.
1212 974 1281 1037 princ.

194 1035 251 1085 Huc
260 1038 322 1086 refer
331 1038 393 1087 iilud
401 1038 476 1098 41441.
489 1053 534 1103 pro
546 1041 635 1089 Coeoin.
648 1055 671 1087 c.
688 1041 728 1088 11.
744 1038 809 1096 Quid
824 1053 880 1100 ergo
890 1038 944 1086 ert?
959 1039 1060 1101 impune
1073 1037 1139 1087 ieci:
1156 1053 1215 1086 unm
1227 1037 1280 1102 quid

195 1115 253 1163 ages
263 1117 356 1150 mecum
372 1118 403 1152 ex
413 1104 467 1166 jure
485 1103 561 1166 cirili,
577 1120 626 1152 non
637 1105 720 1152 heber.
752 1103 817 1152 Add.
830 1103 911 1153 Velie.
922 1103 939 1151 Ι.
949 1109 974 1152 4.
987 1103 1039 1153 014.
1049 1103 1121 1153 Fun.
1131 1118 1168 1165 ep.
1179 1107 1220 1152 10.
1234 1105 1280 1167 §e

196 1166 250 1216 014.
256 1181 300 1229 pro
312 1168 445 1219 11444144.
453 1184 474 1217 c.
481 1173 522 1221 42·
538 1169 603 1226 Quid
612 1169 700 1231 igitur?
719 1167 889 1243 Chrysogonus
898 1168 936 1215 rui
945 1167 1056 1215 muledcii
1066 1166 1206 1223 occultandi
1216 1181 1282 1216 44444
1295 1202 1297 1209 -

194 1231 352 1292 questionem
365 1231 399 1281 de
418 1234 457 1281 his
474 1235 557 1281 heberi
574 1249 622 1282 non
632 1233 700 1281 vult?
715 1234 823 1282 minime.
839 1233 957 1282 derodere
969 1233 1010 1282 tlte
1025 1237 1115 1282 notter
1128 1235 1202 1282 444441
1216 1230 1280 1284 ulti

193 1296 407 1347 4444144144444
427 1304 497 1349 mre?
514 1300 578 1349 11.1
599 1299 733 1347 Veraci.
766 1298 831 1356 Quid
846 1297 937 1361 igitur?
962 1295 1189 1362 quodtotuSicilie,
1205 1311 1281 1345 omnes

194 1360 296 1423 publicu
306 1363 451 1425 privateque
462 1363 537 1411 litere
548 1362 634 1411 Romte
649 1371 713 1416 sunt,
724 1361 815 1411 nihilne
824 1361 849 1409 id
862 1361 966 1410 vulebit?
982 1361 1106 1412 41141111.
1117 1369 1132 1410 4
1148 1363 1220 1412 Vm.
1228 1377 1250 1411 c.
1258 1365 1280 1411 4.

194 1425 366 1542 (141ῗέωή
382 1428 474 1477 nulline
489 1435 569 1476 nouo
584 1428 609 1476 14
624 1425 705 1476 Sicilie
717 1442 845 1484 servomrn,
857 1426 933 1476 Verre
942 1427 1061 1490 pretore?
1083 1426 1148 1475 nihil
1163 1442 1232 1476 sune.
1246 1427 1280 1476 11.

190 1506 236 1555 pro
307 1508 328 1542 c.
338 1508 362 1540 c.
372 1495 414 1541 14.

623 1588 690 1639 Ι’144
707 1587 854 1646 Quiritum?
947 1618 951 1625 ·

228 1670 293 1727 Quid
309 1675 359 1720 4444
370 1677 395 1718 et
410 1671 480 1733 plura
490 1669 617 1733 querentis
624 1677 673 1727 eet,
690 1676 715 1717 et
725 1668 886 1718 extenuantis.
905 1669 957 1718 Cio.
970 1684 1013 1732 pro
1026 1668 1119 1719 04414.
1129 1687 1151 1720 c.
1161 1667 1204 1721 18.
1220 1666 1280 1728 Qrdd

192 1735 262 1781 turn?
279 1735 377 1791 Praetor,
386 1735 473 1798 inquit,
488 1736 618 1791 interdixit,
628 1742 664 1791 ut,
677 1735 740 1782 unde
750 1732 859 1797 dejectus
871 1742 941 1791 esset,
956 1749 986 1783 eo
999 1735 1176 1784 restitueretur.
1193 1737 1233 1786 Id.
1241 1752 1280 1799 prr

193 1800 290 1849 14144444.
300 1816 321 1848 c.
333 1805 373 1849 11.
407 1799 482 1857 Cedo,
495 1800 555 1862 quid
566 1800 666 1863 posteo?
682 1815 737 1847 cum
751 1814 797 1862 ego
811 1814 843 1847 ex
852 1797 907 1862 jure
917 1814 997 1847 meum
1011 1815 1064 1848 4444
1075 1801 1123 1849 414.
1138 1800 1205 1859 Quid
1216 1801 1279 1849 mm?

191 1861 250 1910 inde
265 1864 298 1912 ibi
315 1881 361 1929 ego
372 1871 396 1912 44
411 1881 439 1913 er
456 1866 506 1913 ‘ure
517 1880 588 1913 ruunu
602 1871 735 1913 consertum
753 1878 820 1911 roco.
837 1864 900 1914 wirot
912 1868 992 1914 morel
1014 1865 1079 1914 14144
1099 1866 1208 1915 derident
1222 1864 1281 1915 roiel

192 1924 271 1978 44441
287 1929 431 1979 4414441444
447 1882 511 1979 ide
526 1930 595 1981 Vere.
606 1945 629 1978 c.
638 1932 678 1978 3⁰.
693 1926 896 1992 Agequidtum?
913 1927 963 1977 4141
979 1929 1055 1984 ronio,
1066 1928 1281 2004 deliciiepraetcrir,

192 1992 376 2056 lucelli-aliquio
385 1992 448 2057 jussi
464 2001 520 2043 eunt
533 1992 673 2049 (1444444411,
690 1992 754 2042 utut
765 1989 842 2043 44441
869 1993 936 2043 lde
970 1996 1105 2045 4444419.
1136 1992 1204 2052 Qud
1214 1996 1280 2044 turni

192 2057 336 2107 mediocrine
347 2060 443 2107 tandem
453 2059 534 2108 dolore
545 2074 585 2106 eoo
594 2057 693 2106 affectos
702 2073 753 2106 4444
765 2057 927 2106 arbitramini?

315 2175 356 2221 40.
374 2173 439 2227 Quid
450 2175 550 2235 loquor?
568 2171 632 2228 Quid
643 2169 739 2222 1144441
754 2171 780 2220 14
790 2171 923 2228 reticentia,
936 2187 978 2234 pro
989 2171 1064 2228 Sileo,
1078 2173 1158 2222 114444.

225 2251 290 2307 eeu
298 2249 400 2314 1444441
414 2252 471 2314 quid
482 2252 575 2301 1144441
590 2267 656 2299 urum
668 2253 757 2299 hubent
765 2253 792 2300 in
802 2253 935 2301 reticentia.
953 2252 1005 2302 014.
1018 2256 1032 2301 1
1049 2251 1119 2302 Vm.
1127 2269 1151 2302 c.
1160 2255 1203 2303 11.
1218 2252 1282 2310 Quid

191 2329 237 2377 ego
247 2317 278 2363 de
293 2315 331 2366 M.
348 2316 465 2365 Marcello
481 2317 572 2379 loquer,
589 2317 632 2379 qui
649 2317 779 2380 Syracusas
796 2318 875 2381 cepit?
897 2315 998 2380 quidde
1011 2316 1087 2365 Lucio
1106 2317 1228 2381 Scipione,
1242 2317 1282 2380 qui

191 2379 280 2427 bellum
290 2380 317 2429 in
331 2381 391 2428 Asiu
404 2380 494 2444 gessit?
528 2381 570 2428 uid
586 2380 616 2428 de
627 2381 753 2437 Flaminio,
770 2386 816 2431 444.
847 2383 886 2432 11.
896 2387 912 2433 1
922 2385 951 2432 14
962 2383 1023 2431 Nae.
1034 2382 1110 2432 Dm.
1127 2399 1150 2432 c.
1159 2386 1201 2433 41.
1219 2381 1281 2441 Quid

189 2443 278 2503 dicum,
289 2454 392 2509 quantur
401 2447 432 2495 eit
447 2461 513 2495 umor
553 2444 652 2495 etiterum
660 2446 686 2495 in
698 2446 828 2495 educendis
837 2446 877 2504 114,
888 2460 941 2510 que
951 2449 1150 2510 pmmaverm?

553 2560 556 2569 “
690 2559 728 2608 dm
743 2559 812 2608 nitio.

224 2641 274 2698 Qui
284 2656 366 2690 oeneus
376 2640 416 2689 hie
424 2640 532 2690 formulis
539 2559 838 2706 411414411144141144414
849 2647 893 2688 set.
912 2640 1063 2703 Ururpsntur
1073 2649 1153 2690 autern
1165 2642 1280 2706 eleganter

188 2704 216 2753 in
227 2706 326 2754 44444144
337 2707 367 2754 nd
382 2722 472 2754 novum
483 2715 654 2770 argumentum,
665 2714 691 2754 et
706 2707 733 2754 in
743 2707 919 2755 coacervatione
934 2705 1109 2769 exemplorum,
1120 2722 1175 2770 qum
1186 2716 1278 2772 tongere

190 2777 284 2820 tuntum
293 2773 412 2822 volumno.
443 2772 525 2838 Atque
536 2772 654 2821 41444414
668 2771 783 2835 exemplis
793 2770 929 2834 propositis.

507 2886 522 2917 ⁸
534 2889 575 2936 el.
592 2886 658 2953 Quid
673 2886 750 2936 dicum
765 2884 792 2934 iu
807 2883 965 2933 dubitatione.

226 2963 279 3013 014.
290 2967 321 3014 41
332 2966 406 3014 Brut.
415 2982 451 3029 ep.
464 2970 503 3016 14.
521 2967 638 3025 Quoedurn
652 2968 711 3016 mihi
721 2967 822 3024 videtur,
838 2965 897 3029 quid
906 2965 994 3030 dicum,
1003 2961 1123 3030 imperite
1130 2965 1171 3016 vir
1180 2966 1280 3017 omnium

190 3029 398 3092 prudentissimus,
413 3047 444 3078 en
462 3031 587 3080 ambitiose
600 3033 703 3081 iecisse?

572 3130 587 3159 ⁶
599 3132 639 3178 31.
657 3129 722 3185 Quid
735 3128 802 3178 uliud
817 3127 901 3177 dicum.

224 3203 290 3258 Quid
300 3208 366 3258 diud
374 3209 453 3259 dicum
460 3217 553 3273 ponunt
564 3218 654 3259 veteres
663 3210 789 3273 scriptores
797 3208 821 3257 in
833 3205 992 3257 confirmando
999 3221 1037 3263 eo,
1045 3206 1111 3271 quod
1121 3209 1205 3259 minus
1210 3216 1281 3265 recte,

190 3267 230 3314 vel
247 3271 318 3319 nimis
334 3274 509 3337 imprudenter,
522 3275 611 3331 dixisse
626 3274 702 3322 videri
718 3281 837 3338 poterent.
872 3273 949 3323 eici
963 3271 1068 3336 Plitlpp.
1081 3288 1105 3321 c.
1117 3277 1160 3324 31.
1178 3272 1279 3323 oront

189 3347 246 3381 nem
257 3350 369 3403 nequem,
381 3340 453 3404 (quid
463 3341 528 3388 euim
537 3340 603 3388 uliud
613 3339 708 3388 dicum?
726 3339 800 3402 magio
811 3337 905 3402 proprio
914 3336 974 3385 nihil
985 3350 1083 3401 possm
1093 3332 1201 3405 dicere.)

529 3454 544 3484 ⁸
555 3458 595 3505 33.
613 3454 678 3512 Quid
687 3453 740 3504 dico
750 3454 775 3503 iu
786 3453 941 3503 correctione.

224 3531 356 3584 014111.
373 3535 443 3584 Fam.
454 3551 490 3599 ep.
502 3539 526 3587 4.
543 3534 625 3599 Auget
633 3543 689 3584 tuus
700 3536 789 3585 amicus
798 3535 901 3583 furorem
909 3532 1003 3582 indies:
1016 3540 1101 3582 utnon
1110 3534 1185 3584 modo
1198 3533 1280 3590 4444411.

188 3597 233 3646 441
244 3599 316 3647 etium
325 3601 448 3663 parricide
453 3598 602 3665 judicemini.
613 3600 679 3658 Quid
687 3597 750 3657 dico,
758 3599 915 3666 judicemini?
930 3597 1067 3661 judicemur
1074 3600 1168 3661 potius.
1185 3594 1224 3649 Id.
1234 3600 1250 3648 1.
1257 3603 1279 3648 1.

187 3666 480 3795 1541143443έὲίῖρὸἕῇ
491 3683 537 3731 ego
547 3667 630 3716 doctos
642 3666 756 3723 homiues,
766 3665 826 3730 quid
836 3665 891 3713 dico
901 3663 983 3728 sepe?
1000 3664 1049 3712 imo
1058 3679 1232 3729 nonnunquam
1240 3668 1281 3713 444

218 3830 262 3878 tu.
275 3830 340 3887 Quid
349 3826 456 3894 4444141
471 3828 529 3894 quid
545 3831 635 3878 4441444
651 3833 726 3878 locut
741 3827 781 3877 114
794 3832 881 3877 mutter
897 3824 978 3884 odom
995 3829 1019 3875 44
1030 3823 1146 3887 141414Ῑ,·
1165 3830 1252 3876 torua

518 3895 558 3943 414
567 3900 653 3944 mutter
662 3910 693 3959 up
703 3895 730 3943 14
740 3892 811 3953 cjew
822 3894 906 3942 werde.

222 3975 283 4025 Cum
301 3992 351 4024 rem
365 3976 391 4025 in
406 3991 483 4039 puucu
496 3975 646 4030 conferimus,
666 3976 788 4039 eleganter
802 3973 911 4028 dicimur,
929 3972 986 4036 quid
998 3970 1102 4034 44444144
1117 3971 1179 4034 quid
1187 3958 1279 4022 4441441

184 4053 231 4104 pro
242 4042 301 4102 quid
309 4045 395 4103 pluro?
413 4042 465 4091 Cic.
476 4042 491 4088 Ι.
502 4045 526 4089 7.
543 4043 598 4090 Art.
609 4055 645 4103 ep.
655 4042 680 4087 8.
697 4040 763 4097 Quid
770 4039 871 4103 quaeris?
887 4037 933 4086 etsi
944 4037 1000 4084 mihi
1011 4034 1282 4096 4441441441414411444

186 4103 339 4152 occurrebat:
358 4112 438 4155 tumen
453 4106 550 4154 levabar
564 4120 629 4161 curo,
646 4111 694 4152 etc.
717 4105 780 4154 wirot
792 4103 897 4153 44444144
901 4104 946 4162 sor
956 4117 1025 4166 44444
1036 4103 1135 4151 mordet
1148 4107 1175 4151 44
1184 4116 1249 4151 44444
1259 4105 1281 4147 44

179 4169 304 4232 141444144
314 4175 340 4218 44
355 4185 421 4219 once.
452 4170 467 4201 '
478 4170 544 4219 Add.
556 4172 595 4220 Id.
606 4171 623 4218 1.
636 4171 660 4217 d.
669 4171 738 4219 Fam.
749 4185 786 4232 ep.
796 4174 834 4220 11.
845 4169 863 4216 1.
874 4173 899 4216 7.
906 4183 943 4230 cp.
954 4171 979 4217 4.
989 4167 1042 4215 etl.
1052 4170 1078 4214 9.
1088 4169 1175 4228 44418.
1185 4167 1223 4216 11.
1233 4168 1282 4214 1.1.

174 4250 216 4298 ep.
229 4238 252 4286 θ.
272 4234 340 4294 Quid
350 4236 447 4285 multu?
464 4243 566 4301 questus
576 4241 616 4285 est
626 4235 736 4300 gruuiter.
767 4234 824 4285 1144
832 4233 954 4298 pertinent
966 4230 1025 4282 itta:
1044 4231 1110 4289 Quid
1127 4232 1210 4283 verbis
1224 4245 1282 4296 opus

164 4302 230 4354 eet?
247 4304 316 4364 Quid
328 4304 416 4356 multis
429 4320 494 4370 opus
511 4303 568 4355 eet?
588 4309 617 4353 et
625 4301 675 4352 4114
684 4299 817 4365 eiusmodi.
1061 4320 1064 4327 ·

551 4512 560 4529 “
593 4498 617 4557 'd
