2670 4636
63 266 180 345 euin]
408 267 463 326 ns
496 265 736 327 PARTICULIS
767 278 825 326 ee.
961 253 964 256 ’
1100 231 1175 325 ³2³7

486 540 598 592 CAPUT
615 540 735 594 ccxm.

371 731 374 736 .
441 659 491 718 De
505 657 653 718 Aduerbio
668 658 786 726 Quasi.

394 790 417 834 1.
434 786 520 850 Quasi,
531 785 573 849 pru
583 791 695 850 taquam
704 788 744 835 vel
754 788 824 835 sicut.

97 859 183 922 stsr
194 863 334 913 adverbium
344 872 381 913 est
396 865 568 923 similitudinis,
585 876 612 915 et
626 873 736 931 turquens
753 865 879 928 significat.
914 866 965 915 Cic.
980 865 1033 929 l.,l.
1044 867 1073 914 de
1085 865 1156 914 Oret.

63 934 122 979 sd.
155 928 314 1000 Philosophia
330 931 503 978 laudandorum
519 931 626 980 omnium
643 932 728 979 artium
747 930 892 994 procreatrix
907 931 1025 992 quedam,
1044 937 1070 977 et
1087 930 1157 991 quasi

64 1008 161 1055 pareus.
194 994 533 1046 1u1.a.aeNar.D.e.s.
557 997 638 1044 'l'ertia
653 997 749 1044 deorum
764 996 831 1044 notio
846 1004 893 1059 est,
910 1010 965 1058 quse
979 1003 1051 1042 terret
1063 995 1156 1041 animos

62 1058 212 1122 fulminibus,
229 1059 418 1122 tempestatibus,
435 1060 538 1123 lapideis
556 1059 680 1116 imbribus,
695 1070 721 1109 et
735 1062 809 1123 guttis
827 1059 938 1108 imbrium
955 1058 1023 1122 quasi
1042 1058 1156 1107 cruentis.

63 1124 130 1172 Ibid.
140 1124 157 1171 l.
167 1128 191 1172 l.
201 1139 223 1171 c.
232 1128 273 1173 96.
288 1124 412 1186 Epicurus,
425 1125 493 1186 quasi
505 1125 571 1187 pueri
582 1125 688 1179 delicati,
705 1125 767 1173 nihil
781 1126 914 1173 cessatione
925 1124 1009 1172 snelius
1024 1123 1154 1172 existimat.

63 1188 105 1236 Id.
116 1190 146 1236 de
159 1188 254 1237 Seueri.
266 1204 298 1237 c..
311 1192 343 1238 29
366 1188 419 1237 Nec
436 1204 492 1236 vero
503 1189 583 1245 velim,
601 1190 668 1251 quasi
686 1190 785 1238 decurso
796 1190 881 1252 spatio,
892 1204 907 1236 a
920 1190 985 1238 calce
1002 1189 1033 1236 ad
1048 1203 1156 1235 carceres

62 1251 177 1301 revocari.
212 1254 252 1303 [s.
263 1253 281 1301 l.
293 1258 316 1302 l.
337 1254 404 1303 iisse.
423 1269 445 1301 c·
456 1259 481 1303 d.
513 1254 568 1311 Quo
577 1254 725 1302 commodius
742 1250 944 1318 disputationibus
954 1253 1111 1316 explicemus,
1122 1251 1156 1301 sic

62 1330 106 1365 eu
119 1331 249 1382 exponam
260 1318 330 1383 quasi
340 1327 424 1381 agatur
433 1333 479 1374 res,
489 1333 536 1367 non
547 1319 616 1384 quasi
625 1327 741 1367 narretur.

247 1418 271 1463 2.
290 1414 440 1470 Queri-sic,
451 1417 594 1478 quusi-itu,
611 1430 655 1477 pro
664 1415 734 1471 deut,
747 1416 786 1462 vel
797 1429 843 1463 ron
853 1429 927 1471 aecus,
937 1431 973 1463 ac.

98 1492 222 1543 Interdum
232 1501 270 1542 est
285 1496 358 1557 sicut,
367 1494 407 1541 vel
423 1508 470 1543 aas
488 1509 561 1550 secus,
571 1510 608 1548 uc,
625 1501 650 1542 et
664 1494 763 1542 usumit
772 1495 816 1549 sic,
827 1503 869 1541 aut
878 1495 921 1543 ita.
957 1495 1008 1541 Cic.
1019 1494 1036 1541 l.
1048 1498 1072 1542 9.
1085 1494 1154 1542 Fam.

62 1572 101 1620 ep.
114 1562 154 1608 ld.
170 1558 206 1607 Ut
219 1558 288 1621 qussi
305 1574 387 1607 aarum
405 1558 469 1621 igne,
490 1560 525 1608 sic
546 1559 714 1607 benevolentia
731 1559 809 1607 fidelis
827 1559 933 1622 periculo
954 1558 1035 1620 aliquo
1051 1557 1156 1631 perspici

62 1624 148 1685 possit.
163 1623 510 1689 mvgotdtstn'edtsttefirs.
543 1625 583 1673 ld.
600 1626 629 1673 de
646 1624 739 1673 Seueri.
750 1641 773 1673 c.
784 1629 807 1674 8.
832 1624 926 1671 [iteras
937 1621 1032 1670 Graecas
1043 1638 1078 1669 sic
1087 1621 1156 1670 avide

62 1687 163 1750 arripui,
177 1687 245 1752 quasi
260 1688 396 1739 diuturnam
413 1689 478 1737 sitim
489 1688 584 1750 explere
601 1687 708 1750 cupiens.
725 1690 742 1738 1
750 1690 848 1738 devoted
864 1687 953 1752 musolf
960 1703 986 1736 us
997 1688 1113 1750 zeuloasly
1130 1691 1155 1734 tu

61 1751 104 1800 ibe
112 1755 183 1817 study
193 1754 222 1813 os
229 1753 269 1802 tlte
282 1754 363 1803 Greek
372 1754 500 1814 laugunge,
516 1767 544 1802 ua
561 1752 651 1815 rtwgt
666 1755 683 1803 1
696 1755 744 1803 ind
754 1754 810 1803 beer
825 1755 927 1803 amisus
938 1759 962 1802 to
973 1752 1062 1816 quescit
1073 1767 1088 1801 a
1098 1753 1156 1810 long

62 1816 147 1867 tlsirst.
179 1816 244 1865 Add.
256 1819 295 1868 Id.
304 1819 321 1867 l.
332 1822 356 1867 8.
376 1819 444 1867 Fam.
456 1832 493 1880 ep.
505 1822 545 1865 ts.
555 1826 580 1865 et
589 1832 632 1879 pro
645 1817 730 1872 Quint.
748 1833 769 1865 c.
779 1822 803 1866 2.
837 1817 914 1875 Quasi
925 1819 967 1865 sua
981 1833 1018 1864 res
1029 1823 1071 1863 aut
1081 1817 1157 1864 honor

62 1890 156 1943 agatur,
173 1881 209 1929 ita
223 1882 350 1945 diligenter
367 1881 448 1930 Nevii
460 1881 587 1946 cupiditati
602 1898 691 1930 morsm
707 1890 800 1944 gerunt.
810 1883 864 1943 just
874 1899 902 1932 us
916 1882 1006 1944 tlsougb
1022 1882 1085 1930 tlseir
1100 1896 1154 1943 pru·

60 1952 143 2009 persy,
152 1961 181 1994 os·
190 1948 253 1997 their
266 1951 354 1995 honour
364 1962 414 1995 was
423 1952 449 1996 ul
458 1949 536 2010 state,
546 1962 581 2008 su,
592 1950 633 2008 isc.
657 1948 696 1995 Id.
708 1952 723 1996 2
733 1950 796 2009 Agr.
806 1964 828 1995 c.
840 1953 878 1997 18.
906 1947 954 1994 Sed
965 1949 1035 2010 plane
1046 1946 1115 2009 quasi
1126 1959 1155 1991 ea

62 2024 102 2057 res
111 2011 182 2059 nobis
199 2010 272 2059 saluti
287 2013 366 2060 t‘utura
376 2011 416 2066 sit,
427 2011 461 2059 ita
478 2012 550 2074 cogit,
569 2019 641 2073 atque
659 2011 769 2074 imperat,
788 2019 815 2060 ut
829 2018 873 2061 cet.
901 2012 1072 2075 Add.1d.pr·o
1084 2010 1155 2059 Sext.

62 2088 86 2124 u.
96 2080 138 2126 52·
159 2075 274 2142 (Sestos.
285 2076 338 2126 Tib·
351 2092 374 2125 c.
384 2081 425 2125 66.
440 2077 510 2139 quasi
522 2077 623 2139 Augusti
635 2075 670 2124 ita
685 2084 710 2124 et
721 2077 795 2125 Liviae
806 2079 865 2142 etr.)

385 2177 408 2223 6.
427 2174 504 2228 Quasi
512 2173 542 2222 si.
577 2174 749 2229 Quasi—iuud
758 2189 833 2224 secus.

97 2252 129 2283 '⁸
144 2253 170 2303 S.
188 2252 222 2301 D.
238 2253 267 2302 P.
280 2255 363 2303 Pluut.
385 2256 467 2303 cusin.
478 2255 547 2303 Prol.
564 2254 680 2302 Educavit
700 2255 918 2318 rnngnaindustria‚
929 2254 997 2316 quasi
1007 2253 1027 2300 si
1044 2260 1108 2300 esset
1124 2265 1156 2298 ex

61 2333 90 2367 se
106 2325 171 2367 nata.
203 2319 244 2367 Id.
256 2319 324 2367 tun.
341 2318 416 2374 Quasi
426 2333 505 2375 canes,
524 2319 589 2366 haud
598 2334 666 2367 secus
677 2319 862 2369 circumstabant
870 2335 956 2367 navem
966 2319 1071 2367 turbines
1082 2315 1156 2364 venti.

498 2431 530 2462 *⁸
540 2438 565 2482 4.
584 2433 660 2489 Quasi
670 2435 716 2482 uti.

97 2511 128 2559 P.
139 2511 337 2562 resumerent.
354 2512 431 2569 Quasi
442 2513 477 2561 uti
489 2512 549 2561 mihi
558 2514 620 2563 foret
628 2523 715 2563 custos.

80 2686 83 2691 .
361 2623 390 2655 '⁸
402 2630 426 2673 6.
445 2624 620 2681 Quasi-item.
655 2626 855 2682 Quasi-itidem.

96 2706 123 2753 S.
134 2704 169 2753 D.
180 2705 264 2754 Plsut.
274 2705 340 2753 liud.
364 2704 440 2761 Quusi
449 2715 566 2753 muretum
578 2705 675 2770 juncis;
691 2706 747 2753 item
764 2721 808 2769 ego
820 2719 862 2753 vos
871 2705 946 2767 virgis
956 2703 1155 2755 circumvinciamt

64 2771 105 2821 ld.
113 2767 185 2819 Aes.
196 2774 221 2819 1.
232 2774 256 2819 9.
273 2768 350 2827 Quasi
360 2769 441 2835 piscis,
452 2768 538 2818 itidem
548 2777 586 2818 est
597 2779 686 2818 amator
696 2771 766 2828 lenoe,
777 2785 881 2834 nequam
891 2779 916 2817 et
924 2768 972 2818 nisi
980 2784 1073 2819 recens.

377 2890 402 2933 6.
421 2886 498 2941 Quusi
508 2892 533 2933 et
543 2886 610 2948 quasi
620 2901 675 2936 ocra
687 2902 727 2949 per
737 2885 845 2934 ironiam.

99 2966 177 3023 anst'
190 2972 216 3014 et
230 2967 360 3029 quasivero
371 2982 433 3028 sape
448 2965 549 3014 ironiam
566 2966 699 3014 continent.
732 2965 810 3015 ciel
825 2965 893 3013 Pau.
910 2980 932 3012 c.
945 2956 990 3013 39J
1003 2962 1103 3013 Medico
1112 2964 1156 3012 tria

63 3030 260 3095 milliajugerum‚
271 3031 340 3094 quasi
347 3039 370 3078 te
379 3030 546 3078 sanumfacere
558 3031 683 3094 potuisset.
692 3029 748 3090 J'ust
757 3047 784 3080 aa
793 3032 829 3089 if,-
846 3046 874 3078 us
884 3031 984 3093 tbeugb.
1016 3031 1056 3079 Id.
1069 3030 1086 3076 l.
1095 3033 1120 3079 2.
1128 3031 1158 3078 de

63 3096 123 3145 Fir.
134 3110 157 3142 c.
166 3100 192 3144 6.
224 3095 300 3152 Quasi
310 3111 349 3144 me
360 3095 450 3159 pudeat
459 3095 566 3152 istorum,
576 3103 618 3143 aut
627 3111 675 3143 non
687 3096 782 3157 possim,
794 3095 994 3160 quemadmodum
1000 3110 1029 3142 ea
1037 3094 1156 3151 dicantur,

63 3161 200 3208 ostendere.
230 3159 297 3208 Add.
307 3161 347 3209 Id.
356 3161 480 3225 pruRusc.
496 3159 578 3209 Amet.
588 3177 611 3209 c.
628 3164 669 3209 93.
689 3162 771 3209 Caesar
786 3163 819 3211 Β.
831 3160 860 3208 C.
872 3161 887 3208 l.
897 3165 922 3210 2.
939 3177 961 3209 c.
972 3164 1012 3210 31.
1029 3160 1078 3224 §a
1104 3159 1156 3207 Cic.
1202 3162 1206 3169 '

63 3227 78 3273 l
95 3224 163 3273 Vm·
171 3241 195 3274 e.
206 3228 246 3273 le.
271 3223 346 3282 Quasi
351 3240 411 3286 *vero
422 3224 447 3272 id
457 3225 590 3287 cupiditate
606 3225 765 3273 defendendae
775 3224 905 3273 nobilitatis
915 3240 943 3274 ac
956 3225 1036 3273 studio
1054 3225 1157 3287 partium

64 3288 161 3337 iecerit.
193 3291 233 3339 Id.
245 3290 295 3338 ld.
306 3290 376 3339 Fam.
387 3305 422 3352 ep.
433 3294 457 3339 7.
479 3290 554 3347 Quasi
563 3305 619 3338 vero
633 3291 663 3337 ad
675 3290 866 3353 cognoscendum
880 3305 925 3355 ego
938 3293 968 3338 ad
982 3290 1047 3346 illos,
1064 3305 1111 3339 non
1121 3289 1158 3338 illi

64 3351 145 3402 adme
153 3353 236 3402 venire
252 3352 387 3402 debuerint.
420 3353 435 3384 ³
448 3354 515 3401 Add.
526 3356 565 3405 Id.
577 3355 594 3402 l.
605 3359 628 3403 3.
639 3356 668 3404 de
681 3355 733 3420 Off.
743 3372 765 3405 c.
775 3360 800 3405 9.

328 3465 343 3496 *
355 3471 379 3515 i.
397 3466 473 3522 Quasi
482 3482 596 3516 verr—uc
606 3482 660 3516 roa.
695 3469 831 3525 Quasi—‚nc
841 3482 895 3516 arr.

97 3549 181 3597 Cesar
191 3546 228 3596 Β.
241 3548 274 3596 G.
287 3547 340 3596 l.⁷.
352 3561 374 3598 c.
385 3551 426 3596 98.
438 3551 451 3612 6
464 3553 488 3598 7.
522 3547 598 3604 Quasi
614 3563 670 3596 vero
680 3549 776 3597 consilii
792 3549 824 3596 sit
838 3563 882 3603 res,
897 3563 925 3596 ac
943 3562 992 3596 non
1008 3563 1107 3601 necem
1126 3555 1159 3603 sit

62 3612 134 3660 nobis
152 3610 298 3675 Gergoviam
318 3612 469 3660 contendere.
503 3612 566 3658 Add.
579 3612 631 3660 Cic.
648 3618 657 3660 1
677 3614 746 3662 Verr.
758 3628 780 3660 e.
792 3617 831 3662 13.
842 3620 867 3660 et
874 3627 918 3676 pro
934 3612 1005 3662 Reae.
1015 3615 1072 3664 Am.
1083 3633 1105 3665 c.
1116 3622 1156 3671 89.

64 3677 154 3726 Baeti.
165 3677 183 3724 l.
194 3680 218 3726 5.
239 3678 332 3726 Consul.
351 3691 415 3738 pros.
430 3681 454 3725 4.
489 3677 566 3725 Cin}
584 3677 652 3726 Verr.
664 3691 685 3723 c.
697 3681 736 3724 66.
763 3677 839 3733 Quasi
859 3674 988 3741 quicquam
1006 3679 1108 3728 redivivi
1125 3699 1157 3732 ex

64 3755 136 3804 opere
146 3740 188 3788 illo
200 3741 329 3796 tolleretur,
341 3757 369 3788 ac
379 3755 427 3788 non
444 3748 520 3788 totum
530 3755 591 3800 opus
606 3754 639 3788 ex
653 3740 768 3788 redivivis
786 3740 977 3788 constitueretur.
1008 3743 1073 3792 Ide
1089 3746 1157 3796 Verr.

60 3820 86 3852 c.
98 3809 139 3854 66.
146 3805 212 3863 Quid
221 3821 267 3882 ego
275 3807 345 3869 plura
355 3807 386 3853 de
397 3805 491 3854 Gaviol
507 3805 610 3869 quasitu
619 3804 695 3854 Gavio
702 3805 833 3854 tumiueris
841 3805 951 3862 infestus,
962 3820 990 3852 ac
1001 3821 1048 3854 non
1058 3810 1157 3869 nomini,

63 3869 155 3932 generi,
162 3870 213 3935 juri
222 3871 312 3921 civium
321 3871 406 3919 hostis.

331 3968 346 3999 '
362 3973 388 4018 8.
405 3969 482 4025 Queri
492 3975 669 4018 uera—etrus.
702 3968 899 4024 Quasi—einos.

100 4048 154 4098 Cic.
161 4064 204 4113 pru
216 4050 284 4099 Mur.
295 4064 317 4098 c.
328 4052 369 4098 96.
387 4049 463 4106 Quasi
472 4064 529 4098 vero
539 4057 603 4098 esset
613 4049 735 4112 Diogenes
745 4048 853 4114 Cynicus
863 4053 979 4104 mortuus,
990 4054 1015 4095 et
1025 4064 1073 4099 non
1083 4050 1158 4101 divini

62 4114 170 4162 bominis
180 4112 289 4163 Africani
303 4130 367 4163 mors
380 4115 554 4163 honestaretur.
587 4117 677 4178 lupus
689 4116 773 4164 Pleas.
785 4130 807 4163 c.
817 4117 848 4162 26
861 4120 887 4160 et
897 4115 939 4162 29.
960 4113 1037 4170 Quasi
1053 4130 1109 4164 vero
1119 4134 1158 4166 me

62 4190 108 4226 tuo
119 4179 234 4228 arbitratu
247 4188 272 4226 et
284 4194 333 4227 non
342 4195 397 4228 meo
411 4189 501 4242 grauun
513 4195 566 4228 esse
583 4188 700 4243 oporteat.
725 4181 765 4228 Id.
781 4180 798 4227 l.
810 4178 971 4228 subtus
982 4195 1004 4227 c.
1014 4184 1054 4229 21.
1082 4183 1162 4239 Quasi

62 4259 114 4356 opp
128 4245 233 4308 potuerit
241 4243 268 4293 id
277 4245 372 4294 evenire
383 4261 448 4304 casu,
459 4253 485 4294 et
495 4244 577 4297 nonin
587 4247 653 4298 omni
661 4261 781 4297 mutuose
788 4259 894 4294 necesse
901 4242 1028 4313 ritiuesse
1036 4246 1176 4292 vetrum-

60 4316 86 4356 te
106 4309 229 4371 acapita.'
882 4329 887 4337 ·
