2670 4636
67 251 148 328 sua]
402 250 459 310 na
486 248 729 313 murmuris
743 260 801 312 so.
1102 253 1161 313 aas
1239 241 1241 245 ’

499 463 613 513 CAPUT
640 463 739 515 CCXV.

339 581 341 585 '
355 578 405 636 De
418 579 630 659 Conjanctione
644 580 781 640 enclitica
795 579 879 647 Qus.

103 703 135 734 *¹
147 708 171 753 1.
188 705 246 762 Qun
263 711 326 753 notae
344 705 524 769 significationis
540 709 681 771 particulam
698 709 837 758 Graecorum
852 727 880 758 τε
896 706 1017 771 exprimit,
1035 706 1161 772 statimque

70 770 207 818 annectitur
223 769 260 817 illi
271 771 379 827 dictioni,
396 774 437 820 cui
447 774 507 820 alias
518 779 542 822 et
561 783 746 835 preponeretur.
780 775 832 823 Cic.
842 774 859 822 l.
871 779 894 824 1.
904 777 933 822 de
944 774 1037 822 Diae.
1051 777 1091 821 56.
1112 773 1162 829 Qui

70 836 131 882 solis
141 842 166 882 et
178 835 252 898 luna,
269 837 460 900 reliquorumque
474 836 580 885 siderum
596 845 669 895 ortus,
685 838 775 901 obitus,
784 846 909 902 motusque
919 845 1099 900 cognoscerent.
1113 838 1132 886 i.
1142 853 1165 887 0

70 907 97 947 et
106 899 262 962 reliquorum,
274 906 299 947 et
309 909 395 948 motus.

368 1001 392 1045 2.
405 997 458 1051 Qus
468 997 606 1045 adverbum
616 998 735 1060 posterius
744 998 870 1062 rejectum.

104 1073 230 1124 Interdum
241 1082 331 1133 tamen,
349 1076 391 1123 ubi
405 1078 543 1141 praepositio
561 1080 670 1135 occurrit,
686 1080 793 1128 secundo
806 1081 861 1128 loco
871 1079 976 1142 ponitur.
1009 1079 1090 1128 cusl.
1101 1081 1165 1128 1.οι

75 1138 129 1204 Off.
140 1157 162 1189 c.
173 1143 212 1189 26.
236 1141 325 1189 Eorum
336 1141 507 1190 administratio
522 1142 637 1191 latissime
648 1152 737 1206 pateat,
748 1145 779 1192 ad
795 1145 953 1208 plurimosque
963 1143 1091 1208 pertineat.
1125 1143 1165 1192 10.

72 1205 91 1280 l.
104 1209 125 1252 1.
139 1206 209 1253 Fam.
219 1219 255 1267 ep·
266 1210 291 1254 6.
308 1205 343 1253 Ut
359 1207 482 1282 collectam
497 1208 595 1270 gratiam
606 1209 766 1256 florentissimi
776 1209 877 1286 bominis
888 1210 1044 1271 effunderem,
1054 1224 1069 1283 a
1079 1221 1165 1270 meque

72 1269 1167 1401 releuant{offerrant{retrectanteserraretur:

75 1398 196 1446 Labantur
211 1413 278 1462 opas,
296 1407 324 1446 ut
334 1400 432 1447 vulnere
443 1409 525 1449 nostro
534 1401 644 1462 Sanguis,
654 1409 681 1447 ut
691 1402 731 1449 hic
746 1403 824 1451 ventis
834 1402 990 1465 diripiturque
1003 1401 1070 1450 cinis.
1103 1401 1167 1448 Pro·

72 1469 135 1526 pert.
146 1464 163 1510 1.
175 1466 199 1510 2.
209 1465 269 1524 eleg.
279 1469 319 1513 20.
347 1465 376 1512 In
393 1472 417 1512 te
435 1480 481 1527 ego
499 1474 525 1513 et
540 1473 625 1513 aeratas
640 1481 757 1529 rumpam,
773 1466 896 1530 meavita,
909 1474 1014 1514 catenas.
1045 1465 1165 1512 Ferratam

75 1527 175 1575 Danaes
185 1528 362 1592 transiliamque
371 1530 477 1577 domum.

348 1627 363 1655 ’
373 1632 398 1676 4.
416 1628 524 1684 Qua-ct
534 1643 576 1691 pro
586 1633 666 1678 et-et
676 1643 723 1676 non
734 1626 793 1676 licet
801 1627 900 1676 imitari.

112 1705 190 1755 Tacit.
200 1707 265 1757 Ana.
277 1707 294 1755 l.
305 1711 346 1756 12.
357 1723 379 1755 0.
389 1711 430 1756 61.
443 1710 457 1771 6
469 1711 492 1755 1.
516 1708 569 1756 Nec
579 1708 645 1755 aliud
657 1707 815 1756 Rhadamisto
825 1707 958 1756 subsidium
967 1708 1020 1763 tuit,
1030 1720 1104 1768 qnam
1113 1721 1168 1769 per·

76 1769 164 1818 nicitas
179 1786 304 1832 equorum,
321 1772 376 1834 quis
387 1787 461 1834 seque
478 1784 502 1820 et
512 1771 638 1835 conjugem
660 1773 765 1821 abstulit.
798 1774 837 1824 10.
848 1773 907 1822 ibid.
917 1789 939 1821 c.
950 1777 991 1821 6⁰.
1008 1775 1022 1836 q
1033 1778 1057 1820 6.
1067 1778 1092 1819 et
1102 1772 1119 1817 l.
1130 1775 1169 1819 13.

77 1850 100 1882 0.
112 1839 153 1883 40.
164 1836 218 1885 Lia.
229 1837 246 1883 1.
256 1843 280 1886 6.
291 1854 312 1885 0.
324 1841 364 1884 49.
390 1837 489 1886 Sallust.
499 1839 618 1898 Jogurtr.
629 1853 652 1884 c.
663 1841 687 1885 6.
715 1838 888 1901 Opportunitas
898 1853 995 1901 suaeque
1007 1844 1033 1884 et
1043 1836 1169 1883 liberorum

78 1899 164 1946 aetatis.
197 1900 230 1946 Et
240 1916 261 1948 0.
271 1904 312 1949 26.
329 1901 444 1957 Suadent,
460 1910 486 1948 ut
497 1917 572 1965 seque
583 1910 607 1949 et
620 1901 737 1965 oppidum
751 1903 875 1966 Jugurthae
893 1903 979 1949 tradat.
1016 1901 1083 1948 Adde
1095 1917 1117 1949 c.
1129 1906 1170 1948 66.

78 1963 134 2011 Huc
145 1964 207 2012 refer
215 1970 379 2028 qus-et-et.
413 1966 489 2017 Tacit.
499 1966 564 2015 Ana.
576 1966 593 2013 1.
605 1970 644 2015 12.
655 1981 677 2013 0.
688 1969 729 2014 37.
742 1969 791 2030 §ah
807 1967 848 2014 Ad
865 1981 895 2014 ea
906 1965 987 2015 Caesar
1003 1965 1094 2013 veniam
1112 1963 1171 2026 ipsi-

79 2043 138 2091 que,
150 2036 175 2075 et
193 2029 297 2094 conjugi,
315 2038 340 2077 et
355 2030 477 2085 tratribus,
493 2029 583 2077 tribuit.
594 2029 685 2078 Eodem
700 2031 762 2078 refer
772 2037 927 2094 qne-atque.
959 2031 1051 2079 10101.
1063 2034 1087 2078 4.
1098 2044 1120 2076 c.
1132 2033 1172 2077 34.

76 2096 91 2157 §
103 2097 128 2140 6.
146 2093 253 2157 Uterque
263 2095 397 2157 opibusque
409 2104 479 2157 atque
490 2095 618 2142 bonotibus
629 2095 776 2157 perviguere.
810 2095 857 2145 Cui
867 2096 985 2158 geminum
997 2103 1034 2143 est
1039 2092 1102 2142 illud
1112 2092 1172 2141 ibid.

80 2173 102 2205 0.
114 2162 138 2205 0.
154 2161 204 2222 qb.
230 2158 312 2220 Atque
330 2159 381 2214 ille,
399 2159 438 2206 cui
460 2158 592 2207 avunculus
610 2157 742 2220 Augustus,
762 2175 884 2222 sequeac
904 2159 1003 2224 majores
1021 2165 1046 2206 et
1064 2166 1173 2220 posteros

81 2223 350 2351 prqqicipqlqadtqlqerio
360 2223 471 2271 foedabat.
488 2223 715 2288 (frequentissimum
727 2226 772 2271 hoc
788 2225 859 2274 Liuio
868 2241 891 2272 v.
903 2225 1025 2275 Drakenb.
1040 2222 1076 2271 ad·
1087 2223 1104 2270 l.
1115 2238 1137 2270 0.
1147 2229 1174 2269 et
1203 2258 1206 2266 .

92 2320 98 2334 .
145 2302 184 2335 .0.
229 2303 258 2336 .e
285 2321 291 2335 .

265 2390 267 2394 “
288 2387 303 2416 ⁵
314 2390 338 2435 6.
352 2386 404 2441 Qua
419 2388 490 2436 ctiam
503 2403 544 2450 pro
555 2393 626 2451 atque
636 2388 709 2437 etiam
718 2403 765 2436 uon
775 2388 914 2435 imitandum
924 2398 971 2438 est.

118 2468 196 2515 Tacit.
206 2466 348 2517 100313.
360 2472 432 2520 043.
444 2471 458 2533 q
469 2474 493 2517 6.
519 2469 580 2516 Filio
592 2477 617 2516 et
625 2469 694 2532 nepti
699 2461 760 2530 'pars
771 2469 954 2524 concedebatur,
964 2469 1175 2529 eximebanturque

82 2531 167 2594 etiam,
178 2546 231 2594 ques
248 2538 391 2581 testamento
407 2533 484 2580 marris
499 2540 540 2579 aut
558 2534 597 2581 asi
612 2543 758 2595 acceperant.
791 2531 856 2580 Add.
877 2534 939 2580 Cels.
949 2533 967 2578 l.
979 2536 1003 2580 2.
1015 2548 1036 2581 0.
1055 2535 1078 2580 3.
1098 2532 1176 2585 Tacit.

84 2595 152 2645 Ana.
164 2597 181 2643 l.
192 2600 216 2645 31
227 2611 248 2643 0.
259 2601 298 2645 36.
309 2599 323 2660 q
335 2602 359 2646 2.
370 2598 449 2662 (Quid
459 2597 512 2644 vitii
523 2597 555 2645 sit
563 2598 589 2644 in
600 2598 646 2645 bac
655 2598 736 2651 torma,
747 2611 796 2644 non
806 2596 982 2661 intelligimus.)

354 2698 379 2742 6.
398 2696 450 2750 Que
461 2692 607 2756 geminatum
617 2695 653 2741 vel
664 2694 753 2757 saepius
763 2693 903 2757 repetitum.

119 2773 150 2804 *¹⁸
163 2772 241 2821 lidem
251 2773 332 2821 Poetae
343 2775 403 2822 hanc
417 2773 555 2836 particulam
569 2775 705 2835 frequenter
721 2775 849 2837 geminant,
860 2774 932 2820 immo
941 2774 980 2823 vel
992 2781 1030 2822 ter
1040 2744 1080 2821 aut
1092 2781 1177 2836 quater

79 2844 209 2900 repetunt.
229 2838 298 2899 Virg.
310 2840 327 2887 l.
339 2843 363 2887 7.
373 2841 430 2886 AEn.
440 2855 465 2886 v.
477 2842 533 2887 301.
551 2838 621 2886 Vires
631 2838 731 2901 coelique
742 2839 867 2901 marisque.
905 2838 993 2886 16001.
1002 2843 1054 2885 l.v.
1065 2842 1105 2887 89.
1122 2839 1178 2887 Una

85 2903 213 2965 Eurusque
229 2902 352 2965 Notusque
368 2910 450 2959 ruunt,
469 2905 598 2964 creberque
618 2903 727 2966 procellis
745 2901 849 2951 Africus.
883 2904 922 2951 10.
939 2904 955 2949 l.
966 2908 990 2952 4.
1003 2904 1125 2963 Georg.v.
1136 2907 1177 2952 36.

83 2967 405 3081 gqmqquexsnthoque,
427 2967 558 3030 Ligeaque,
585 2966 790 3031 Phyllodoceque.
822 2966 834 2990 “
848 2968 956 3016 00101.
975 2973 1014 3017 16.
1032 2969 1133 3016 Metam.
1153 2984 1178 3016 v.

137 3048 168 3080 .e
193 3065 200 3079 .

325 3129 340 3158 ⁸
349 3134 373 3178 7.
386 3130 439 3185 Que
449 3130 595 3192 geminatum
605 3130 634 3178 ab
644 3130 761 3179 historicis
770 3138 796 3178 et
806 3130 946 3179 oratoribus.

41 3228 45 3233 ·
121 3210 176 3259 Liv.
186 3211 205 3260 l.
214 3214 255 3260 24.
263 3227 285 3261 c.
298 3214 338 3260 19.
355 3210 458 3273 Captivi,
467 3210 556 3274 quique
565 3210 748 3274 Campanorum,
759 3212 847 3274 quique
855 3210 980 3259 Annibalis
989 3210 1092 3260 militum
1102 3219 1180 3270 erant,

88 3274 193 3323 Romam
210 3275 285 3323 missi.
317 3276 357 3323 10.
367 3276 385 3321 l.
394 3280 434 3340 26.
445 3293 466 3324 0.
474 3279 514 3325 22.
525 3278 585 3324 Post
595 3293 648 3324 eam
659 3276 723 3325 diem
740 3277 830 3340 quique
841 3277 954 3333 exissent,
968 3278 1057 3340 quique
1067 3277 1102 3326 ibi
1114 3274 1179 3326 man'·

88 3339 187 3396 sissent,
204 3339 310 3387 hostium
327 3338 419 3387 loturos
436 3356 546 3396 numero,
562 3343 637 3390 literis
653 3341 836 3405 significabatur.
870 3343 908 3393 ld.
926 3343 945 3391 l.
960 3347 1002 3391 22.
1020 3359 1042 3392 0.
1053 3347 1093 3391 26.
1109 3343 1126 3391 1.
1137 3347 1179 3392 26.

88 3409 167 3454 061.
184 3411 209 3451 et
226 3404 244 3452 1.
258 3409 298 3453 29.
318 3409 390 3453 021.
407 3410 433 3452 et
449 3405 517 3454 1.42.
533 3412 606 3456 014.
635 3407 717 3456 Vellei.
737 3408 754 3457 l.
771 3412 795 3456 2.
813 3410 902 3456 0113.
920 3408 933 3469 §
951 3411 974 3455 l.
992 3408 1058 3455 Ptin.
1076 3408 1129 3460 1.9.
1142 3424 1180 3471 cp.

80 3472 131 3518 13.
142 3470 156 3532 §
168 3474 192 3518 1.
202 3469 301 3521 Sallust.
315 3469 390 3518 Catil.
401 3486 423 3517 c.
435 3474 459 3518 9.
472 3469 590 3530 Jugurttr.
601 3474 673 3519 021.
684 3476 746 3518 extr.
756 3479 781 3517 et
791 3487 813 3519 0.
827 3475 881 3519 100.

125 3535 177 3588 Cic.
188 3533 205 3582 l.
219 3536 279 3582 1.οσ
293 3536 363 3582 Orat.
370 3550 392 3581 0.
403 3538 444 3582 20.
460 3533 534 3597 Mihi,
544 3534 633 3597 quique
642 3536 733 3596 optime
742 3535 832 3590 dicunt,
842 3535 931 3597 quique
940 3535 964 3581 id
983 3535 1098 3585 facillime
1109 3543 1181 3599 atque

88 3597 239 3647 ornatissime
251 3599 329 3646 facere
339 3606 450 3660 possunt,
460 3603 542 3646 tamen
551 3598 599 3645 nisi
613 3597 697 3645 timide
708 3598 877 3646 addicendum
888 3598 1013 3654 accedunt,
1025 3615 1092 3661 pane
1102 3599 1182 3664 impu-

90 3662 177 3710 dentes
193 3663 315 3711 ridentur.
347 3663 412 3712 Ibid.
426 3679 451 3725 p.
469 3666 516 3711 134
531 3664 554 3710 b.
571 3663 732 3724 Trigeminam
748 3670 787 3710 est
803 3662 830 3709 in
849 3664 900 3712 Cic.
916 3663 932 3708 l.
943 3666 968 3709 6.
984 3665 1013 3711 00
1030 3664 1087 3712 Fin.
1106 3668 1182 3715 021.

90 3727 207 3776 Omnium
225 3743 326 3790 quaequs
344 3728 392 3774 sint
408 3726 510 3784 notitiae,
533 3742 632 3790 querque
654 3727 814 3789 significentur
834 3742 914 3775 rernm
933 3726 1061 3783 vocabulis,
1082 3742 1183 3791 quaeque

90 3791 209 3854 cujusque
221 3793 256 3840 vis
267 3800 293 3840 et
303 3800 387 3840 natura
396 3792 436 3847 sit,
446 3808 504 3859 mpx
513 3791 654 3840 videbimus.
685 3792 741 3847 Sed,
761 3799 788 3839 ut
796 3791 878 3840 videre
885 3792 951 3847 licet,
963 3791 994 3838 ad
1003 3806 1132 3854 pronomen
1142 3794 1184 3855 qui

88 3856 239 3986 poqissimuqr
248 3858 390 3970 {dharescit
399 3873 443 3920 que
454 3857 607 3920 geminatum,
616 3856 656 3904 vel
665 3862 703 3904 ter
712 3855 845 3921 repetitum.
868 3855 925 3904 Vid.
936 3863 1016 3902 umen
1030 3856 1106 3919 Tacit·
1117 3857 1184 3908 Ana.

103 3955 110 3971 .
141 3931 212 3972 .c.el
265 3955 272 3970 .

428 4090 431 4097 ι
523 4023 546 4068 8.
564 4020 757 4083 Quaproetiam.

127 4098 159 4129 ⁶*
172 4100 225 4156 Qua
233 4116 276 4163 pro
284 4101 366 4158 etiam,
375 4101 414 4148 vel
422 4115 518 4164 quaque.
546 4101 613 4150 Ptin.
623 4101 640 4148 l.
651 4105 692 4150 36.
702 4117 723 4149 0.
735 4106 775 4151 12.
792 4101 831 4150 Ab
841 4102 887 4148 boc
898 4100 984 4148 eodem
993 4101 1083 4150 tactum
1092 4102 1184 4152 Hercu·

91 4165 150 4219 lem,
162 4167 204 4227 qui
213 4165 330 4227 hodieque
348 4166 451 4214 materie
471 4182 557 4214 nomen
576 4167 600 4212 in
618 4168 674 4214 urbe
694 4167 788 4214 retinet.
821 4167 906 4216 Linac.
922 4167 938 4212 l.
954 4172 1015 4230 hp.
1028 4171 1085 4217 136.
1117 4170 1187 4217 Ptin.

92 4231 112 4276 l·
124 4234 149 4278 4.
159 4245 195 4293 ep.
209 4234 248 4279 19.
264 4231 328 4278 Nam
339 4246 392 4279 cum
412 4238 508 4279 matrem
527 4247 603 4281 meam
619 4232 726 4298 parentis
742 4233 797 4282 loco
811 4247 941 4298 reserere,
954 4247 1048 4296 meque
1063 4247 1082 4278 a
1093 4232 1207 4292 pueritia

91 4294 174 4342 statim
183 4295 282 4343 formare
292 4295 392 4344 solebas.
424 4297 521 4348 Bactra.
