2670 4636
189 278 252 338 296
513 275 682 354 HORATll
712 275 954 336 TURSELlANl
1168 282 1285 358 [entur

185 464 191 472 .
221 464 225 471 .
514 446 524 463 ο
549 422 599 472 ’2.
617 423 692 472 Prior
702 424 732 470 de
743 425 826 472 ordine
837 439 923 472 rerum.
1041 466 1044 470 .

222 502 333 551 Medulla
341 503 430 551 bubula
440 517 472 550 ex
482 503 567 550 dextro
577 519 643 552 crure
654 504 730 567 priore
746 505 801 551 trita
812 521 867 554 cum
885 505 994 568 iuligine,
1006 506 1062 570 pilis
1074 513 1100 556 et
1117 508 1282 571 palpebrarum

191 567 254 616 vitiis
265 567 374 618 occurrit.
392 567 458 617 Ptin.
470 568 488 614 l.
496 571 537 617 28.
549 585 570 615 c.
583 572 622 617 ll.

435 665 450 694 ⁴*
462 670 487 714 3.
502 664 577 713 Prior
585 678 628 725 pro
642 665 731 720 melior,
742 665 779 712 vel
794 664 881 726 potior,
893 667 933 714 vel
942 667 1028 716 carior.

189 782 191 787 -
221 747 275 796 Irr'u.
291 747 307 793 l.
318 748 425 796 t;e.19.
442 745 574 794 Consilium
584 752 610 791 et
618 745 716 792 modum
724 744 868 802 adhibendo,
878 744 919 793 nbi
927 762 965 794 res
975 753 1095 810 posceret,
1107 748 1199 811 priores
1210 757 1283 800 erunt.

185 811 341 924 {3532
357 810 456 858 Parrum
467 810 551 858 salutis
568 809 729 872 libertatisque
741 809 805 872 prior
821 810 916 872 plebeio
926 812 1084 876 magistratui,
1099 828 1173 878 quam
1184 815 1281 878 patricio
1322 845 1325 849 -

366 973 382 1002 ⁶
392 976 416 1021 4.
435 973 609 1020 Prior-ulter.
625 971 864 1034 Prior-insequens.
881 973 1104 1036 Prion-posterus.

177 1100 179 1105 .
222 1055 275 1102 Ciu.
287 1052 303 1101 l.
312 1057 352 1101 16.
364 1053 433 1101 Fam.
444 1068 480 1114 ep.
491 1054 517 1100 4.
538 1051 609 1099 Varie
620 1068 671 1100 sum
682 1051 781 1098 affectus
793 1051 838 1098 tuis
850 1051 935 1099 literis:
953 1054 1024 1100 valde
1034 1054 1115 1116 priore
1127 1054 1218 1116 pagina
1229 1071 1278 1118 per·

180 1117 304 1172 ¹turbatus,
321 1118 417 1180 paulum
432 1117 507 1164 altera
521 1125 652 1164 recreatus.
685 1117 768 1164 Celsus
777 1117 795 1162 l.
806 1121 831 1165 4.
842 1133 864 1165 c.
877 1121 917 1165 13.
941 1117 1010 1165 Prior
1018 1118 1114 1166 morbus
1125 1127 1213 1168 acutus
1228 1128 1277 1167 est:

186 1181 314 1243 insequens
328 1197 380 1228 esse
397 1182 483 1243 longus
497 1187 588 1244 potest.
623 1181 725 1230 Velleius
740 1182 757 1228 l.
773 1186 797 1229 2.
809 1196 830 1227 c.
847 1184 947 1246 12.§4.
959 1181 1084 1246 Amplius
1101 1183 1157 1232 el.
1176 1185 1278 1233 millibus

187 1246 292 1294 hostium
302 1246 379 1308 priore
390 1261 418 1294 ac
434 1252 530 1309 postero
540 1245 579 1292 die
591 1247 621 1310 ab
636 1261 665 1292 so
675 1245 808 1307 trucidatis.

491 1342 506 1371 ⁴¹
518 1348 541 1390 5.
559 1343 633 1390 Prior
644 1351 669 1389 et
683 1357 801 1390 successor
811 1351 970 1404 opponuntur.

183 1420 186 1425 ’
221 1424 273 1471 Cic.
282 1438 325 1486 pro
336 1423 415 1471 Fluoc.
427 1438 448 1469 o.
461 1425 500 1471 14.
526 1420 624 1469 Crimen
641 1428 710 1468 tuum
724 1421 801 1469 videri
818 1423 887 1478 solet,
900 1439 952 1471 cum
964 1422 1051 1487 aliquis
1068 1432 1162 1473 sumtus
1179 1426 1277 1474 instituit

186 1502 236 1562 eos,
247 1487 289 1549 qni
299 1495 370 1535 antes
380 1503 428 1534 nun
437 1495 505 1535 erant
513 1486 631 1534 instituti:
647 1502 695 1533 nou
707 1502 759 1533 cum
770 1502 891 1535 successor
901 1488 991 1551 aliquid
1001 1489 1112 1538 immutat
1120 1491 1152 1538 de
1163 1491 1275 1540 institutis

185 1561 300 1615 priorum.

519 1649 534 1677 ³*
543 1653 567 1697 5.
584 1649 658 1698 Prior
668 1656 693 1695 et
703 1663 775 1697 nouus
786 1655 950 1711 opponuntur.

217 1731 272 1779 Liu.
284 1730 300 1779 l.
309 1735 333 1780 3.
343 1746 365 1777 c.
378 1734 418 1779 31.
435 1730 459 1777 N
461 1744 491 1777 on
507 1728 558 1776 haee'
570 1730 675 1792 priorum
690 1729 812 1776 calamitas
827 1730 954 1776 consulem
963 1730 1087 1791 segniores
1102 1746 1181 1796 novos
1190 1733 1276 1783 iecemt

185 1797 304 1845 consules.
321 1797 385 1845 llid.
396 1811 417 1843 c.
428 1797 478 1843 28.
501 1794 549 1842 llic
564 1794 670 1842 instabat
678 1809 741 1842 nova
751 1808 845 1858 pugna:
864 1794 923 1842 nihil
930 1795 1053 1843 remiserat
1063 1797 1137 1860 prior.

539 1894 553 1922 *
565 1898 590 1943 7.
606 1894 682 1942 Prior
691 1901 716 1940 et
726 1893 765 1940 liic
775 1899 936 1955 opponuntur.

218 1978 302 2026 Celsus
312 1977 328 2025 Ι.
339 1982 363 2025 5.
373 1991 394 2023 c.
406 1979 446 2024 27.
462 1976 492 2024 de
507 1989 557 2024 cerr.
567 1989 657 2037 gangr.
689 1972 765 2020 Priori
780 1973 816 2020 rei
828 1974 980 2030 Philocratis,
997 1976 1053 2024 huic
1065 1975 1174 2026 Hecataei
1183 1980 1275 2044 empla-

179 2051 262 2090 strum
272 2043 374 2090 maxime
385 2041 508 2088 convenit.

626 2170 687 2233 §IL
704 2175 727 2219 1.
742 2168 835 2218 Purus.

218 2252 269 2300 Ciu.
281 2254 311 2301 de
320 2251 398 2300 Amic·
408 2267 430 2298 c.
442 2255 481 2300 16.
508 2249 578 2297 Alius
589 2249 643 2296 finis
652 2266 715 2298 uerae
726 2251 838 2298 amicitie
847 2251 1028 2299 constituendus
1039 2259 1085 2309 est,
1098 2251 1118 2300 si
1132 2252 1206 2316 prins,
1216 2254 1275 2317 quid

184 2315 284 2363 maxime
294 2315 468 2379 reprehendere.
479 2314 560 2376 Scipio
571 2314 654 2360 solitus
665 2315 703 2370 sit,
714 2315 817 2362 edirero.
853 2317 891 2364 ld.
901 2318 919 2363 l.
930 2321 954 2365 2.
965 2319 994 2365 de
1007 2316 1093 2380 Off'c.
1107 2321 1131 2366 6.
1152 2318 1276 2375 Quemad-

182 2379 278 2427 modum
289 2381 319 2428 sit
329 2381 443 2428 utendum
453 2395 483 2428 eo
494 2379 609 2434 subsidio,
623 2379 739 2436 dicemus,
755 2380 776 2426 si
787 2381 852 2443 prius
862 2381 893 2428 iis
904 2383 1023 2437 derebus,
1035 2396 1089 2443 qum
1103 2382 1186 2430 virtuti
1196 2384 1274 2448 propi·

183 2461 237 2493 ores
247 2453 309 2502 sunt,
320 2445 454 2493 dixerimus.
475 2444 508 2491 Et
517 2444 552 2491 ita
562 2459 626 2506 saepe
637 2445 702 2491 alibi.

499 2541 514 2571 '
523 2546 547 2590 2.
564 2542 737 2591 Prius-dein.
753 2542 955 2593 Prius—deinde.
1053 2522 1056 2527 Ι

215 2621 283 2670 Plio.
295 2622 312 2668 l.
323 2624 363 2669 35.
375 2636 397 2669 c.
408 2625 448 2669 19.
466 2619 559 2684 Pyritos
569 2627 703 2680 coquuntur
711 2619 786 2666 varie.
819 2619 859 2666 Ab
870 2621 923 2667 aliis
932 2621 1018 2667 iterum
1027 2621 1148 2684 tertioque
1157 2623 1182 2671 in
1194 2625 1274 2680 melle,

182 2685 259 2734 donec
269 2695 421 2734 consumatur
432 2686 527 2748 liquor:
546 2683 576 2730 ab
585 2684 639 2730 aliis
649 2699 724 2745 pruna
734 2684 806 2746 prius,
818 2684 878 2732 dein·
890 2686 972 2732 melle:
990 2693 1015 2732 et
1025 2696 1110 2749 postea
1117 2689 1235 2745 lavantur,
1248 2697 1275 2737 ut

177 2766 224 2798 ms.
258 2751 309 2800 Cic.
320 2753 338 2797 l.
349 2756 374 2799 3.
390 2751 459 2799 Fam.
473 2765 508 2813 ep.
520 2753 560 2798 12.
578 2747 720 2796 Gratulabor
729 2749 772 2795 tibi
783 2751 862 2812 prius3
879 2749 966 2796 deinde
977 2751 1008 2796 ad
1018 2767 1056 2798 me
1066 2763 1204 2803 convertar.
1233 2757 1273 2804 ld.

183 2818 195 2863 l
209 2818 282 2865 Cutil.
292 2833 314 2864 c.
326 2821 365 2865 13.
376 2816 431 2865 Lio.
443 2817 460 2862 1.
471 2819 510 2864 21.
522 2830 544 2862 c.
556 2819 596 2862 53.
616 2814 692 2862 Cisal
707 2812 775 2863 Verr.
787 2830 809 2862 c.
821 2818 843 2861 1.
855 2812 921 2863 Add.
934 2816 973 2864 ld.
984 2818 1000 2862 2
1011 2814 1075 2878 Agr.
1087 2833 1109 2865 c.
1122 2821 1165 2869 18.

604 2927 619 2956 ⁴·
631 2932 655 2976 3.
673 2928 844 2976 Prius-iude.

214 3011 268 3060 Lio.
279 3010 296 3058 l.
307 3015 331 3059 6.
342 3026 364 3057 c.
373 3013 413 3059 33.
429 3009 505 3058 Scalis
513 3008 579 3072 pilus
588 3007 676 3055 moenia
686 3016 773 3070 capta:
790 3008 847 3056 inde
856 3009 956 3057 effiacta
965 3011 1069 3058 claustra
1075 3020 1210 3075 portarum.

604 3105 653 3155 't-
671 3107 848 3155 Prius—auno.

213 3190 269 3238 Liv.
279 3190 296 3237 l.
306 3194 347 3238 36.
357 3206 379 3238 c.
391 3193 430 3237 17.
464 3188 550 3236 Utvos
567 3187 635 3250 prius
651 3187 740 3249 experti
752 3187 819 3242 estis,
837 3203 902 3237 nunc
920 3187 1054 3238 Antiochus
1071 3192 1205 3254 experitur.
1235 3196 1274 3244 Id.

180 3254 197 3302 l.
210 3258 250 3304 37.
260 3269 280 3300 c.
292 3259 333 3302 54.
344 3260 368 3300 et
383 3254 401 3300 l.
411 3257 451 3301 40.
462 3269 485 3301 c.
498 3257 537 3302 14.
564 3251 695 3299 Criminose
706 3253 863 3313 argumentari
873 3253 994 3301 videretur
1003 3255 1114 3311 Perseus,
1130 3264 1155 3304 te
1167 3274 1272 3322 quaerero

180 3333 210 3380 ex
220 3319 258 3374 iis,
269 3334 328 3382 quos
338 3319 490 3396 nominasset,
499 3317 608 3382 jubebat,
617 3331 647 3362 an
657 3316 744 3362 ferrum
755 3315 904 3364 habuissent.
937 3317 1002 3368 Add.
1012 3321 1052 3369 Id.
1062 3321 1079 3367 l.
1087 3326 1111 3368 5.
1122 3338 1144 3369 c.
1158 3328 1198 3373 11.
1207 3326 1221 3388 §
1232 3329 1272 3374 55.

505 3415 520 3444 ⁴¹
532 3420 555 3463 5.
571 3415 738 3478 Prius—port.
757 3414 949 3479 Priusrposteu.

210 3500 265 3550 mv.
276 3499 292 3546 Ι.
300 3503 340 3549 37.
350 3515 373 3546 c.
384 3501 425 3546 52.
448 3496 540 3558 Regem
553 3493 696 3542 Antiochum
707 3495 784 3543 fusum
794 3494 947 3559 fugatumque
959 3505 984 3544 et
995 3507 1089 3545 erutum
1101 3499 1196 3558 castris,
1208 3492 1272 3564 prius

179 3565 284 3629 Europa.
295 3571 350 3628 post
361 3570 386 3611 et
399 3563 464 3619 Asia,
476 3577 528 3624 quae
539 3561 573 3608 cis
583 3560 686 3608 Taurum
696 3568 802 3608 montem
816 3569 861 3616 est,
877 3561 1029 3624 expulerunt.
1062 3565 1102 3612 ld.
1114 3565 1131 3610 l.
1146 3569 1189 3615 42.
1197 3582 1219 3613 c.
1231 3570 1270 3616 38.

178 3629 211 3678 Et
227 3629 335 3693 Philippi
344 3628 410 3692 prius
426 3638 452 3676 et
461 3634 517 3690 pust
526 3626 640 3674 Antiochi
652 3627 716 3674 bello
732 3626 801 3673 enixe
812 3626 885 3689 adjuti
896 3642 911 3672 a
926 3633 998 3689 gente
1014 3627 1190 3677 Thessalorum
1206 3641 1271 3678 erant

179 3695 291 3744 Romani.
322 3695 361 3743 Id.
370 3694 388 3741 l.
399 3697 441 3756 29.
452 3708 473 3740 c.
485 3695 524 3741 12.
539 3691 652 3740 Phoenice
668 3691 724 3739 urbs
734 3699 772 3738 est
788 3691 870 3752 Epiri:
888 3691 922 3738 ibi
935 3692 1002 3753 prius
1013 3693 1145 3740 collocutus
1162 3693 1202 3742 rex
1216 3712 1269 3744 curn

98 3757 101 3761 ’
177 3761 422 3825 Eropo,posteaoum
434 3757 573 3819 Sempronio
584 3756 746 3822 congreditur.
777 3755 1238 3823 Add.Iu.l.sr.c.11.erl.o.c.at,

444 3855 458 3884 '¹
468 3860 494 3904 5.
510 3856 751 3906 Prius-nouissime.
767 3856 999 3918 Prius—postremo.

209 3939 278 3988 Plia.
289 3939 305 3986 l.
316 3942 356 3987 17.
367 3947 389 3986 c'.
400 3942 443 3986 22.
458 3937 554 4014 Alacres
562 3938 624 3985 viter
634 3937 700 3999 prins
711 3935 822 3985 convenit
835 3946 926 3998 putare,
936 3935 1027 3984 validas
1044 3906 1195 3986 sometime-⁴
1215 3938 1270 3988 Liu.

172 4005 276 4119 wilci
282 4002 423 4117 9:¹⁵lzlispani
430 4001 503 4066 prius,
511 4010 630 4064 postremo
637 4009 663 4048 et
670 4001 750 4050 Graeci
757 4001 782 4051 in
789 4001 908 4048 civitatem
917 4000 1051 4050 Romamm
1061 4002 1159 4053 adsciti.
1170 4003 1270 4054 Sallust.

503 4163 518 4192 ⁴*
529 4167 553 4213 7.
571 4162 738 4214 Prius-tum.
763 4164 937 4214 Prius-tuuc.

193 4249 254 4303 hin.
263 4249 282 4299 l.
294 4252 335 4301 34.
345 4264 370 4299 o.
380 4251 422 4298 52.
439 4242 580 4296 Provincias
587 4242 698 4293 consules
706 4245 785 4315 prins,
798 4250 853 4292 tum
859 4251 971 4306 pretores
981 4227 1068 4294 so'rtiti.
1103 4245 1181 4297 Varro
1192 4246 1226 4299 R.
1237 4246 1270 4298 lt.

150 4318 170 4370 1.
182 4326 211 4369 et
221 4335 242 4369 c.
254 4322 278 4370 l.
297 4317 373 4369 Prius
381 4313 522 4370 ostendam,
534 4327 588 4378 qun
599 4309 697 4361 secerni
706 4317 816 4376 oporteat
824 4309 856 4357 ah
872 4307 1033 4369 agriculunnx
1046 4315 1100 4357 turn
1108 4310 1193 4358 herlu
1201 4308 1274 4375 nm

650 4572 760 4586 *r-
