<?xml version="1.0" encoding="UTF-8"?>
<!DOCTYPE html PUBLIC "-//W3C//DTD XHTML 1.0 Transitional//EN"
    "http://www.w3.org/TR/xhtml1/DTD/xhtml1-transitional.dtd">
<html xmlns="http://www.w3.org/1999/xhtml" xml:lang="en" lang="en">
 <head>
  <title>
</title>
<meta http-equiv="Content-Type" content="text/html;charset=utf-8" />
  <meta name='ocr-system' content='tesseract 3.04.00' />
  <meta name='ocr-capabilities' content='ocr_page ocr_carea ocr_par ocr_line ocrx_word'/>
</head>
<body>
  <div class='ocr_page' id='page_1' title='image "./horatiiturselli00schwgoog/horatiiturselli00schwgoog_0139.png"; bbox 0 0 2670 4636; ppageno 0'>
   <div class='ocr_carea' id='block_1_1' title="bbox 137 240 1230 323">
    <p class='ocr_par' dir='ltr' id='par_1_1' title="bbox 137 240 1230 323">
     <span class='ocr_line' id='line_1_1' title="bbox 137 240 1230 323; baseline 0.01 -26"><span class='ocrx_word' id='word_1_1' title='bbox 137 240 194 298; x_wconf 75' lang='lat' dir='ltr'><strong><em>lou</em></strong></span> <span class='ocrx_word' id='word_1_2' title='bbox 454 241 624 301; x_wconf 85' lang='lat' dir='ltr'><strong>HORAI&#39;II</strong></span> <span class='ocrx_word' id='word_1_3' title='bbox 654 240 895 303; x_wconf 84' lang='lat' dir='ltr'><strong>TURSELLINI</strong></span> <span class='ocrx_word' id='word_1_4' title='bbox 975 297 981 307; x_wconf 91' lang='grc'>,</span> <span class='ocrx_word' id='word_1_5' title='bbox 1070 247 1230 323; x_wconf 60' lang='lat' dir='ltr'><strong><em>quen.</em></strong></span> 
     </span>
    </p>
   </div>
   <div class='ocr_carea' id='block_1_2' title="bbox 117 392 1222 522">
    <p class='ocr_par' dir='ltr' id='par_1_2' title="bbox 117 392 1222 522">
     <span class='ocr_line' id='line_1_2' title="bbox 132 392 1222 458; baseline 0.011 -21"><span class='ocrx_word' id='word_1_6' title='bbox 132 407 182 438; x_wconf 88' lang='lat' dir='ltr'><strong><em>esse</em></strong></span> <span class='ocrx_word' id='word_1_7' title='bbox 194 392 387 456; x_wconf 80' lang='lat' dir='ltr'><strong><em>disputetionem,</em></strong></span> <span class='ocrx_word' id='word_1_8' title='bbox 402 395 428 441; x_wconf 88' lang='lat' dir='ltr'><strong><em>in</em></strong></span> <span class='ocrx_word' id='word_1_9' title='bbox 439 405 509 457; x_wconf 80' lang='lat' dir='ltr'><strong><em>quem</em></strong></span> <span class='ocrx_word' id='word_1_10' title='bbox 520 410 568 443; x_wconf 86' lang='lat' dir='ltr'><strong><em>uon</em></strong></span> <span class='ocrx_word' id='word_1_11' title='bbox 580 395 666 458; x_wconf 77' lang='lat' dir='ltr'><strong><em>eIIquis</em></strong></span> <span class='ocrx_word' id='word_1_12' title='bbox 677 395 744 443; x_wconf 86' lang='lat' dir='ltr'><strong><em>Iocoe</em></strong></span> <span class='ocrx_word' id='word_1_13' title='bbox 753 396 866 451; x_wconf 84' lang='lat' dir='ltr'><strong><em>incurret,</em></strong></span> <span class='ocrx_word' id='word_1_14' title='bbox 880 412 924 443; x_wconf 86' lang='lat' dir='ltr'><strong><em>uec</em></strong></span> <span class='ocrx_word' id='word_1_15' title='bbox 934 396 984 444; x_wconf 83' lang='lat' dir='ltr'><strong><em>tere</em></strong></span> <span class='ocrx_word' id='word_1_16' title='bbox 994 411 1078 444; x_wconf 79' lang='lat' dir='ltr'><strong><em>omnes</em></strong></span> <span class='ocrx_word' id='word_1_17' title='bbox 1087 398 1154 447; x_wconf 85' lang='lat' dir='ltr'><strong><em>locos</em></strong></span> <span class='ocrx_word' id='word_1_18' title='bbox 1164 399 1222 449; x_wconf 85' lang='lat' dir='ltr'><strong><em>iuci-</em></strong></span> 
     </span>
     <span class='ocr_line' id='line_1_3' title="bbox 117 455 520 522; baseline 0.012 -21"><span class='ocrx_word' id='word_1_19' title='bbox 117 473 120 478; x_wconf 96' lang='lat'><em>·</em></span> <span class='ocrx_word' id='word_1_20' title='bbox 133 455 189 503; x_wconf 87' lang='lat' dir='ltr'><strong><em>dere</em></strong></span> <span class='ocrx_word' id='word_1_21' title='bbox 199 457 223 505; x_wconf 89' lang='lat' dir='ltr'><strong><em>iu</em></strong></span> <span class='ocrx_word' id='word_1_22' title='bbox 235 473 331 508; x_wconf 84' lang='lat' dir='ltr'><strong><em>omnem</em></strong></span> <span class='ocrx_word' id='word_1_23' title='bbox 341 460 504 522; x_wconf 71' lang='lat' dir='ltr'><strong><em>questionem.</em></strong></span> <span class='ocrx_word' id='word_1_24' title='bbox 513 460 520 489; x_wconf 88' lang='lat'><strong>¹</strong></span> 
     </span>
    </p>
   </div>
   <div class='ocr_carea' id='block_1_3' title="bbox 503 587 847 746">
    <p class='ocr_par' dir='ltr' id='par_1_3' title="bbox 503 587 847 746">
     <span class='ocr_line' id='line_1_4' title="bbox 536 587 823 639; baseline 0.003 -4"><span class='ocrx_word' id='word_1_25' title='bbox 536 587 648 636; x_wconf 84' lang='lat' dir='ltr'><strong>CAPUT</strong></span> <span class='ocrx_word' id='word_1_26' title='bbox 681 588 823 639; x_wconf 81' lang='lat' dir='ltr'><strong>LXXXVI.</strong></span> 
     </span>
     <span class='ocr_line' id='line_1_5' title="bbox 503 685 847 746; baseline 0.003 -2"><span class='ocrx_word' id='word_1_27' title='bbox 503 686 552 744; x_wconf 86' lang='lat' dir='ltr'><strong><em>De</em></strong></span> <span class='ocrx_word' id='word_1_28' title='bbox 570 685 719 746; x_wconf 81' lang='lat' dir='ltr'><strong><em>Aduerbio</em></strong></span> <span class='ocrx_word' id='word_1_29' title='bbox 738 686 847 745; x_wconf 80' lang='lat' dir='ltr'><strong><em>Fours.</em></strong></span> 
     </span>
    </p>
   </div>
   <div class='ocr_carea' id='block_1_4' title="bbox 126 792 1221 1119">
    <p class='ocr_par' dir='ltr' id='par_1_4' title="bbox 126 792 1221 1119">
     <span class='ocr_line' id='line_1_6' title="bbox 162 792 1221 860; baseline 0.009 -22"><span class='ocrx_word' id='word_1_30' title='bbox 162 795 184 839; x_wconf 89' lang='grc'><strong><em>1.</em></strong></span> <span class='ocrx_word' id='word_1_31' title='bbox 197 792 275 840; x_wconf 80' lang='lat' dir='ltr'><strong><em>Fours</em></strong></span> <span class='ocrx_word' id='word_1_32' title='bbox 289 807 353 842; x_wconf 79' lang='lat' dir='ltr'><strong><em>notae</em></strong></span> <span class='ocrx_word' id='word_1_33' title='bbox 364 804 401 843; x_wconf 85' lang='lat' dir='ltr'><strong><em>est</em></strong></span> <span class='ocrx_word' id='word_1_34' title='bbox 417 797 605 860; x_wconf 79' lang='lat' dir='ltr'><strong><em>signiticulionis.</em></strong></span> <span class='ocrx_word' id='word_1_35' title='bbox 638 797 680 844; x_wconf 82' lang='lat' dir='ltr'><strong><em>Est</em></strong></span> <span class='ocrx_word' id='word_1_36' title='bbox 691 797 753 844; x_wconf 83' lang='lat' dir='ltr'><strong><em>enirn</em></strong></span> <span class='ocrx_word' id='word_1_37' title='bbox 764 803 844 853; x_wconf 82' lang='lat' dir='ltr'><strong><em>extro,</em></strong></span> <span class='ocrx_word' id='word_1_38' title='bbox 860 800 973 847; x_wconf 78' lang='lat' dir='ltr'><strong><em>exterius.</em></strong></span> <span class='ocrx_word' id='word_1_39' title='bbox 1006 798 1133 847; x_wconf 85' lang='lat' dir='ltr'><strong>Interdum</strong></span> <span class='ocrx_word' id='word_1_40' title='bbox 1143 805 1221 848; x_wconf 74' lang='lat' dir='ltr'><strong><em>temen</em></strong></span> 
     </span>
     <span class='ocr_line' id='line_1_7' title="bbox 127 855 1220 928; baseline 0.009 -28"><span class='ocrx_word' id='word_1_41' title='bbox 127 855 247 928; x_wconf 62' lang='lat' dir='ltr'><strong><em>edguificet</em></strong></span> <span class='ocrx_word' id='word_1_42' title='bbox 257 864 327 907; x_wconf 79' lang='lat' dir='ltr'><strong><em>extro</em></strong></span> <span class='ocrx_word' id='word_1_43' title='bbox 337 863 430 909; x_wconf 81' lang='lat' dir='ltr'><strong><em>dourum</em></strong></span> <span class='ocrx_word' id='word_1_44' title='bbox 445 863 574 926; x_wconf 81' lang='lat' dir='ltr'><strong><em>proprioru·</em></strong></span> <span class='ocrx_word' id='word_1_45' title='bbox 604 862 656 910; x_wconf 82' lang='lat' dir='ltr'><strong><em>Cio.</em></strong></span> <span class='ocrx_word' id='word_1_46' title='bbox 664 863 682 910; x_wconf 88' lang='lat' dir='ltr'><strong><em>I.</em></strong></span> <span class='ocrx_word' id='word_1_47' title='bbox 693 867 719 912; x_wconf 80' lang='lat'><strong><em>⁰·</em></strong></span> <span class='ocrx_word' id='word_1_48' title='bbox 730 864 800 913; x_wconf 78' lang='lat' dir='ltr'><strong><em>Foru.</em></strong></span> <span class='ocrx_word' id='word_1_49' title='bbox 811 877 847 924; x_wconf 85' lang='lat' dir='ltr'><strong><em>ep.</em></strong></span> <span class='ocrx_word' id='word_1_50' title='bbox 858 867 898 913; x_wconf 90' lang='grc'><strong><em>24.</em></strong></span> <span class='ocrx_word' id='word_1_51' title='bbox 916 863 981 911; x_wconf 82' lang='lat' dir='ltr'><strong><em>Cura</em></strong></span> <span class='ocrx_word' id='word_1_52' title='bbox 991 870 1019 910; x_wconf 87' lang='lat' dir='ltr'><strong><em>ut</em></strong></span> <span class='ocrx_word' id='word_1_53' title='bbox 1029 864 1117 910; x_wconf 79' lang='lat' dir='ltr'><strong><em>valeus.</em></strong></span> <span class='ocrx_word' id='word_1_54' title='bbox 1146 863 1179 911; x_wconf 50' lang='lat' dir='ltr'><strong><em>Id*</em></strong></span> <span class='ocrx_word' id='word_1_55' title='bbox 1186 865 1220 912; x_wconf 87' lang='lat' dir='ltr'><strong><em>to-</em></strong></span> 
     </span>
     <span class='ocr_line' id='line_1_8' title="bbox 126 922 1220 988; baseline 0.012 -24"><span class='ocrx_word' id='word_1_56' title='bbox 126 934 159 964; x_wconf 85' lang='lat' dir='ltr'><strong><em>rre</em></strong></span> <span class='ocrx_word' id='word_1_57' title='bbox 178 922 313 970; x_wconf 80' lang='lat' dir='ltr'><strong><em>coeuituudo</em></strong></span> <span class='ocrx_word' id='word_1_58' title='bbox 330 925 444 972; x_wconf 72' lang='lat' dir='ltr'><strong><em>facillime</em></strong></span> <span class='ocrx_word' id='word_1_59' title='bbox 460 925 622 988; x_wconf 83' lang='lat' dir='ltr'><strong><em>consequeris.</em></strong></span> <span class='ocrx_word' id='word_1_60' title='bbox 656 927 694 974; x_wconf 87' lang='lat' dir='ltr'><strong><em>Id.</em></strong></span> <span class='ocrx_word' id='word_1_61' title='bbox 705 928 722 974; x_wconf 90' lang='lat' dir='ltr'><strong><em>l.</em></strong></span> <span class='ocrx_word' id='word_1_62' title='bbox 731 931 755 975; x_wconf 89' lang='grc'><strong><em>7.</em></strong></span> <span class='ocrx_word' id='word_1_63' title='bbox 772 928 841 976; x_wconf 86' lang='lat' dir='ltr'><strong><em>Fum.</em></strong></span> <span class='ocrx_word' id='word_1_64' title='bbox 853 941 890 988; x_wconf 85' lang='lat' dir='ltr'><strong><em>ep.</em></strong></span> <span class='ocrx_word' id='word_1_65' title='bbox 902 932 940 976; x_wconf 84' lang='lat' dir='ltr'><strong><em>lo.</em></strong></span> <span class='ocrx_word' id='word_1_66' title='bbox 952 928 1004 988; x_wconf 86' lang='lat' dir='ltr'><strong><em>Ego</em></strong></span> <span class='ocrx_word' id='word_1_67' title='bbox 1021 927 1041 973; x_wconf 85' lang='lat' dir='ltr'><strong><em>si</em></strong></span> <span class='ocrx_word' id='word_1_68' title='bbox 1052 929 1111 974; x_wconf 86' lang='lat' dir='ltr'><strong><em>toris</em></strong></span> <span class='ocrx_word' id='word_1_69' title='bbox 1121 927 1220 977; x_wconf 78' lang='lat' dir='ltr'><strong><em>coenits·</em></strong></span> 
     </span>
     <span class='ocr_line' id='line_1_9' title="bbox 126 985 1218 1055; baseline 0.012 -28"><span class='ocrx_word' id='word_1_70' title='bbox 126 997 184 1039; x_wconf 78' lang='lat' dir='ltr'><strong><em>reru,</em></strong></span> <span class='ocrx_word' id='word_1_71' title='bbox 199 985 301 1035; x_wconf 74' lang='lat' dir='ltr'><strong><em>Octavio</em></strong></span> <span class='ocrx_word' id='word_1_72' title='bbox 312 989 421 1039; x_wconf 81' lang='lat' dir='ltr'><strong><em>teruiliuri</em></strong></span> <span class='ocrx_word' id='word_1_73' title='bbox 439 996 480 1038; x_wconf 90' lang='lat' dir='ltr'><strong><em>tuo</em></strong></span> <span class='ocrx_word' id='word_1_74' title='bbox 495 1005 544 1039; x_wconf 86' lang='lat' dir='ltr'><strong><em>nou</em></strong></span> <span class='ocrx_word' id='word_1_75' title='bbox 561 990 697 1039; x_wconf 77' lang='lat' dir='ltr'><strong>defuissem.</strong></span> <span class='ocrx_word' id='word_1_76' title='bbox 732 992 771 1041; x_wconf 86' lang='lat' dir='ltr'><strong><em>Id.</em></strong></span> <span class='ocrx_word' id='word_1_77' title='bbox 782 994 797 1039; x_wconf 89' lang='grc'><strong>2</strong></span> <span class='ocrx_word' id='word_1_78' title='bbox 808 991 915 1055; x_wconf 68' lang='lat' dir='ltr'><strong><em>Philipp.</em></strong></span> <span class='ocrx_word' id='word_1_79' title='bbox 925 1007 948 1040; x_wconf 86' lang='lat' dir='ltr'><strong><em>c.</em></strong></span> <span class='ocrx_word' id='word_1_80' title='bbox 962 995 1001 1043; x_wconf 91' lang='grc'><strong><em>11.</em></strong></span> <span class='ocrx_word' id='word_1_81' title='bbox 1021 993 1113 1041; x_wconf 84' lang='lat' dir='ltr'><strong><em>Cotum.</em></strong></span> <span class='ocrx_word' id='word_1_82' title='bbox 1127 994 1148 1041; x_wconf 89' lang='lat'><strong><em>1.</em></strong></span> <span class='ocrx_word' id='word_1_83' title='bbox 1157 998 1182 1043; x_wconf 90' lang='grc'><strong><em>7.</em></strong></span> <span class='ocrx_word' id='word_1_84' title='bbox 1196 1008 1218 1041; x_wconf 88' lang='lat' dir='ltr'><strong><em>c.</em></strong></span> 
     </span>
     <span class='ocr_line' id='line_1_10' title="bbox 128 1051 762 1119; baseline 0.013 -25"><span class='ocrx_word' id='word_1_85' title='bbox 128 1051 762 1119; x_wconf 65' lang='lat' dir='ltr'><strong><em>11.e1u.ett.12.prof.cu.Qu.Fr·.1.o.ep.1.</em></strong></span> 
     </span>
    </p>
   </div>
   <div class='ocr_carea' id='block_1_5' title="bbox 389 1147 951 1217">
    <p class='ocr_par' dir='ltr' id='par_1_5' title="bbox 389 1147 951 1217">
     <span class='ocr_line' id='line_1_11' title="bbox 389 1147 951 1217; baseline -0.007 -15"><span class='ocrx_word' id='word_1_86' title='bbox 389 1157 414 1202; x_wconf 96' lang='grc'><strong><em>2.</em></strong></span> <span class='ocrx_word' id='word_1_87' title='bbox 426 1151 544 1207; x_wconf 78' lang='lat' dir='ltr'><strong><em>Foris,‘id</em></strong></span> <span class='ocrx_word' id='word_1_88' title='bbox 554 1159 600 1208; x_wconf 85' lang='lat' dir='ltr'><strong><em>est,</em></strong></span> <span class='ocrx_word' id='word_1_89' title='bbox 611 1153 637 1200; x_wconf 86' lang='grc' dir='ltr'><strong><em>ιἰι</em></strong></span> <span class='ocrx_word' id='word_1_90' title='bbox 648 1153 687 1198; x_wconf 83' lang='lat' dir='ltr'><strong><em>vel</em></strong></span> <span class='ocrx_word' id='word_1_91' title='bbox 698 1147 839 1217; x_wconf 73' lang='lat' dir='ltr'><strong><em>eitrofiner</em></strong></span> <span class='ocrx_word' id='word_1_92' title='bbox 848 1151 951 1214; x_wconf 73' lang='lat' dir='ltr'><strong><em>imperil.</em></strong></span> 
     </span>
    </p>
   </div>
   <div class='ocr_carea' id='block_1_6' title="bbox 123 1225 1228 1488">
    <p class='ocr_par' dir='ltr' id='par_1_6' title="bbox 123 1225 1228 1488">
     <span class='ocr_line' id='line_1_12' title="bbox 161 1225 1228 1296; baseline 0.006 -21"><span class='ocrx_word' id='word_1_93' title='bbox 161 1228 212 1276; x_wconf 82' lang='lat' dir='ltr'><strong><em>Cic.</em></strong></span> <span class='ocrx_word' id='word_1_94' title='bbox 228 1231 244 1276; x_wconf 91' lang='grc'><strong><em>1.</em></strong></span> <span class='ocrx_word' id='word_1_95' title='bbox 256 1234 279 1278; x_wconf 91' lang='grc'><strong><em>1.</em></strong></span> <span class='ocrx_word' id='word_1_96' title='bbox 288 1234 317 1280; x_wconf 90' lang='lat' dir='ltr'><strong><em>de</em></strong></span> <span class='ocrx_word' id='word_1_97' title='bbox 330 1231 382 1296; x_wconf 80' lang='lat' dir='ltr'><strong><em>Off.</em></strong></span> <span class='ocrx_word' id='word_1_98' title='bbox 394 1248 415 1280; x_wconf 88' lang='lat' dir='ltr'><strong><em>c.</em></strong></span> <span class='ocrx_word' id='word_1_99' title='bbox 427 1235 467 1282; x_wconf 91' lang='grc'><strong><em>22.</em></strong></span> <span class='ocrx_word' id='word_1_100' title='bbox 478 1232 556 1280; x_wconf 82' lang='lat' dir='ltr'><strong><em>Purra</em></strong></span> <span class='ocrx_word' id='word_1_101' title='bbox 566 1240 622 1279; x_wconf 81' lang='lat' dir='ltr'><strong><em>eunt</em></strong></span> <span class='ocrx_word' id='word_1_102' title='bbox 632 1231 688 1279; x_wconf 77' lang='lat' dir='ltr'><strong><em>forle</em></strong></span> <span class='ocrx_word' id='word_1_103' title='bbox 700 1247 772 1286; x_wconf 81' lang='lat' dir='ltr'><strong><em>arma,</em></strong></span> <span class='ocrx_word' id='word_1_104' title='bbox 783 1231 831 1279; x_wconf 88' lang='lat' dir='ltr'><strong><em>uisi</em></strong></span> <span class='ocrx_word' id='word_1_105' title='bbox 839 1241 876 1279; x_wconf 86' lang='lat' dir='ltr'><strong><em>est</em></strong></span> <span class='ocrx_word' id='word_1_106' title='bbox 889 1231 1012 1280; x_wconf 84' lang='lat' dir='ltr'><strong><em>consilium</em></strong></span> <span class='ocrx_word' id='word_1_107' title='bbox 1025 1232 1099 1281; x_wconf 89' lang='lat' dir='ltr'><strong><em>dorni.</em></strong></span> <span class='ocrx_word' id='word_1_108' title='bbox 1128 1233 1168 1281; x_wconf 91' lang='lat' dir='ltr'><strong><em>Id.</em></strong></span> <span class='ocrx_word' id='word_1_109' title='bbox 1225 1225 1228 1230; x_wconf 70' lang='grc'><strong>’</strong></span> 
     </span>
     <span class='ocr_line' id='line_1_13' title="bbox 127 1293 1220 1359; baseline 0.005 -19"><span class='ocrx_word' id='word_1_110' title='bbox 127 1293 197 1341; x_wconf 81' lang='lat' dir='ltr'><strong><em>Ruso.</em></strong></span> <span class='ocrx_word' id='word_1_111' title='bbox 208 1293 264 1343; x_wconf 80' lang='lat' dir='ltr'><strong><em>Am.</em></strong></span> <span class='ocrx_word' id='word_1_112' title='bbox 274 1311 296 1343; x_wconf 87' lang='lat' dir='ltr'><strong><em>c.</em></strong></span> <span class='ocrx_word' id='word_1_113' title='bbox 309 1299 349 1345; x_wconf 90' lang='grc'><strong><em>47.</em></strong></span> <span class='ocrx_word' id='word_1_114' title='bbox 364 1296 395 1343; x_wconf 90' lang='lat' dir='ltr'><strong><em>In</em></strong></span> <span class='ocrx_word' id='word_1_115' title='bbox 405 1311 434 1343; x_wconf 83' lang='lat' dir='ltr'><strong><em>eo</em></strong></span> <span class='ocrx_word' id='word_1_116' title='bbox 450 1297 580 1343; x_wconf 79' lang='lat' dir='ltr'>certamine</span> <span class='ocrx_word' id='word_1_117' title='bbox 592 1295 681 1359; x_wconf 88' lang='lat' dir='ltr'><strong><em>perditi</em></strong></span> <span class='ocrx_word' id='word_1_118' title='bbox 692 1297 751 1344; x_wconf 79' lang='lat' dir='ltr'><strong><em>ciuis</em></strong></span> <span class='ocrx_word' id='word_1_119' title='bbox 762 1304 813 1344; x_wconf 86' lang='lat' dir='ltr'><strong><em>erat</em></strong></span> <span class='ocrx_word' id='word_1_120' title='bbox 829 1311 876 1343; x_wconf 90' lang='lat' dir='ltr'><strong><em>nou</em></strong></span> <span class='ocrx_word' id='word_1_121' title='bbox 887 1312 912 1342; x_wconf 89' lang='lat' dir='ltr'><strong><em>se</em></strong></span> <span class='ocrx_word' id='word_1_122' title='bbox 924 1295 954 1342; x_wconf 85' lang='lat' dir='ltr'><strong><em>sd</em></strong></span> <span class='ocrx_word' id='word_1_123' title='bbox 964 1311 1004 1344; x_wconf 81' lang='lat' dir='ltr'><strong><em>eos</em></strong></span> <span class='ocrx_word' id='word_1_124' title='bbox 1012 1296 1124 1358; x_wconf 84' lang='lat' dir='ltr'><strong><em>jungere,</em></strong></span> <span class='ocrx_word' id='word_1_125' title='bbox 1137 1297 1178 1359; x_wconf 84' lang='lat' dir='ltr'><strong><em>qui</em></strong></span> <span class='ocrx_word' id='word_1_126' title='bbox 1194 1313 1220 1346; x_wconf 86' lang='grc' dir='ltr'><strong><em>ιιι</em></strong></span> 
     </span>
     <span class='ocr_line' id='line_1_14' title="bbox 123 1356 1219 1424; baseline 0.006 -22"><span class='ocrx_word' id='word_1_127' title='bbox 123 1356 278 1406; x_wconf 82' lang='lat' dir='ltr'>incolumibus</span> <span class='ocrx_word' id='word_1_128' title='bbox 289 1367 314 1408; x_wconf 85' lang='lat' dir='ltr'><strong><em>et</em></strong></span> <span class='ocrx_word' id='word_1_129' title='bbox 323 1360 389 1408; x_wconf 85' lang='lat' dir='ltr'><strong><em>domi</em></strong></span> <span class='ocrx_word' id='word_1_130' title='bbox 400 1360 513 1424; x_wconf 82' lang='lat' dir='ltr'><strong><em>dignitus,</em></strong></span> <span class='ocrx_word' id='word_1_131' title='bbox 524 1367 549 1419; x_wconf 72' lang='lat' dir='ltr'><strong><em>et</em></strong></span> <span class='ocrx_word' id='word_1_132' title='bbox 568 1361 625 1408; x_wconf 83' lang='lat' dir='ltr'><strong><em>toris</em></strong></span> <span class='ocrx_word' id='word_1_133' title='bbox 640 1363 714 1424; x_wconf 83' lang='lat' dir='ltr'><strong><em>(opud</em></strong></span> <span class='ocrx_word' id='word_1_134' title='bbox 726 1359 834 1424; x_wconf 81' lang='lat' dir='ltr'><strong><em>exteros)</em></strong></span> <span class='ocrx_word' id='word_1_135' title='bbox 849 1360 980 1409; x_wconf 75' lang='lat' dir='ltr'><strong><em>auctoritas</em></strong></span> <span class='ocrx_word' id='word_1_136' title='bbox 993 1361 1148 1412; x_wconf 82' lang='lat' dir='ltr'><strong>retineretur.</strong></span> <span class='ocrx_word' id='word_1_137' title='bbox 1180 1362 1219 1412; x_wconf 88' lang='lat' dir='ltr'><strong><em>Id.</em></strong></span> 
     </span>
     <span class='ocr_line' id='line_1_15' title="bbox 124 1423 801 1488; baseline 0.006 -21"><span class='ocrx_word' id='word_1_138' title='bbox 124 1423 344 1486; x_wconf 54' lang='lat' dir='ltr'><strong><em>uPtiuppaeur.</em></strong></span> <span class='ocrx_word' id='word_1_139' title='bbox 363 1423 801 1488; x_wconf 72' lang='lat' dir='ltr'><strong><em>rour.1.1o.Ann.c.uu.§1etr.</em></strong></span> 
     </span>
    </p>
   </div>
   <div class='ocr_carea' id='block_1_7' title="bbox 139 1520 1110 1579">
    <p class='ocr_par' dir='ltr' id='par_1_7' title="bbox 139 1520 1110 1579">
     <span class='ocr_line' id='line_1_16' title="bbox 139 1520 1110 1579; baseline 0.001 -11"><span class='ocrx_word' id='word_1_140' title='bbox 139 1563 145 1568; x_wconf 93' lang='lat'><strong>.</strong></span> <span class='ocrx_word' id='word_1_141' title='bbox 230 1523 254 1568; x_wconf 77' lang='grc'><strong><em>2.</em></strong></span> <span class='ocrx_word' id='word_1_142' title='bbox 265 1521 345 1578; x_wconf 70' lang='lat' dir='ltr'><strong><em>Foris,</em></strong></span> <span class='ocrx_word' id='word_1_143' title='bbox 362 1520 443 1578; x_wconf 83' lang='lat' dir='ltr'><strong><em>idest,</em></strong></span> <span class='ocrx_word' id='word_1_144' title='bbox 458 1537 489 1571; x_wconf 77' lang='lat' dir='ltr'><strong><em>ex</em></strong></span> <span class='ocrx_word' id='word_1_145' title='bbox 500 1524 549 1571; x_wconf 83' lang='lat' dir='ltr'><strong><em>loeo</em></strong></span> <span class='ocrx_word' id='word_1_146' title='bbox 559 1521 685 1577; x_wconf 75' lang='lat' dir='ltr'><strong><em>exteriore,</em></strong></span> <span class='ocrx_word' id='word_1_147' title='bbox 696 1522 735 1569; x_wconf 82' lang='lat' dir='ltr'><strong><em>vel</em></strong></span> <span class='ocrx_word' id='word_1_148' title='bbox 745 1522 893 1570; x_wconf 74' lang='lat' dir='ltr'><strong><em>extrinsecus</em></strong></span> <span class='ocrx_word' id='word_1_149' title='bbox 897 1537 907 1579; x_wconf 77' lang='lat'><strong><em>,¹</em></strong></span> <span class='ocrx_word' id='word_1_150' title='bbox 920 1522 988 1579; x_wconf 80' lang='lat' dir='ltr'><strong><em>from</em></strong></span> <span class='ocrx_word' id='word_1_151' title='bbox 998 1522 1110 1572; x_wconf 75' lang='lat' dir='ltr'><strong><em>wltbout.</em></strong></span> 
     </span>
    </p>
   </div>
   <div class='ocr_carea' id='block_1_8' title="bbox 122 1600 1218 1793">
    <p class='ocr_par' dir='ltr' id='par_1_8' title="bbox 122 1600 1218 1793">
     <span class='ocr_line' id='line_1_17' title="bbox 156 1600 1218 1674; baseline 0.004 -27"><span class='ocrx_word' id='word_1_152' title='bbox 156 1601 235 1664; x_wconf 91' lang='lat' dir='ltr'><strong><em>Nepos</em></strong></span> <span class='ocrx_word' id='word_1_153' title='bbox 252 1600 277 1647; x_wconf 90' lang='lat' dir='ltr'><strong><em>in</em></strong></span> <span class='ocrx_word' id='word_1_154' title='bbox 288 1602 362 1650; x_wconf 82' lang='lat' dir='ltr'><strong><em>Dion.</em></strong></span> <span class='ocrx_word' id='word_1_155' title='bbox 374 1617 396 1650; x_wconf 89' lang='lat' dir='ltr'><strong><em>c.</em></strong></span> <span class='ocrx_word' id='word_1_156' title='bbox 408 1601 484 1651; x_wconf 85' lang='grc'><strong>91111</strong></span> <span class='ocrx_word' id='word_1_157' title='bbox 498 1603 611 1658; x_wconf 87' lang='lat' dir='ltr'><strong><em>inermes,</em></strong></span> <span class='ocrx_word' id='word_1_158' title='bbox 629 1601 700 1648; x_wconf 87' lang='lat' dir='ltr'><strong><em>telum</em></strong></span> <span class='ocrx_word' id='word_1_159' title='bbox 716 1602 775 1648; x_wconf 82' lang='lat' dir='ltr'><strong><em>toris</em></strong></span> <span class='ocrx_word' id='word_1_160' title='bbox 790 1601 934 1666; x_wconf 75' lang='lat' dir='ltr'><strong><em>flagitantes,</em></strong></span> <span class='ocrx_word' id='word_1_161' title='bbox 945 1601 1052 1648; x_wconf 89' lang='lat' dir='ltr'><strong><em>Dionem</em></strong></span> <span class='ocrx_word' id='word_1_162' title='bbox 1060 1602 1142 1650; x_wconf 86' lang='lat' dir='ltr'><strong><em>vivum</em></strong></span> <span class='ocrx_word' id='word_1_163' title='bbox 1153 1610 1218 1674; x_wconf 78' lang='lat' dir='ltr'><strong><em>terre·</em></strong></span> 
     </span>
     <span class='ocr_line' id='line_1_18' title="bbox 122 1664 929 1793; baseline -0.001 -14"><span class='ocrx_word' id='word_1_164' title='bbox 122 1664 190 1712; x_wconf 47' lang='lat' dir='ltr'><strong>bum·</strong></span> <span class='ocrx_word' id='word_1_165' title='bbox 408 1735 433 1780; x_wconf 88' lang='grc'><strong><em>4.</em></strong></span> <span class='ocrx_word' id='word_1_166' title='bbox 445 1731 527 1785; x_wconf 85' lang='lat' dir='ltr'><strong><em>Foris,</em></strong></span> <span class='ocrx_word' id='word_1_167' title='bbox 538 1745 581 1793; x_wconf 85' lang='lat' dir='ltr'><strong><em>pro</em></strong></span> <span class='ocrx_word' id='word_1_168' title='bbox 594 1746 624 1780; x_wconf 82' lang='lat' dir='ltr'><strong><em>ex</em></strong></span> <span class='ocrx_word' id='word_1_169' title='bbox 634 1731 690 1778; x_wconf 82' lang='lat' dir='ltr'><strong><em>ollis</em></strong></span> <span class='ocrx_word' id='word_1_170' title='bbox 698 1730 768 1778; x_wconf 88' lang='lat' dir='ltr'><strong><em>rebus</em></strong></span> <span class='ocrx_word' id='word_1_171' title='bbox 777 1729 816 1778; x_wconf 83' lang='lat' dir='ltr'><strong><em>vel</em></strong></span> <span class='ocrx_word' id='word_1_172' title='bbox 826 1730 929 1780; x_wconf 80' lang='lat' dir='ltr'><strong><em>aliunde.</em></strong></span> 
     </span>
    </p>
   </div>
   <div class='ocr_carea' id='block_1_9' title="bbox 156 1808 1218 1874">
    <p class='ocr_par' dir='ltr' id='par_1_9' title="bbox 156 1808 1218 1874">
     <span class='ocr_line' id='line_1_19' title="bbox 156 1808 1218 1874; baseline 0.003 -16"><span class='ocrx_word' id='word_1_173' title='bbox 156 1811 208 1859; x_wconf 75' lang='lat' dir='ltr'><strong><em>Cir.</em></strong></span> <span class='ocrx_word' id='word_1_174' title='bbox 219 1810 236 1857; x_wconf 91' lang='grc'><strong><em>1.</em></strong></span> <span class='ocrx_word' id='word_1_175' title='bbox 246 1815 270 1861; x_wconf 92' lang='grc'><strong><em>2.</em></strong></span> <span class='ocrx_word' id='word_1_176' title='bbox 278 1813 307 1861; x_wconf 84' lang='lat' dir='ltr'><strong><em>ds</em></strong></span> <span class='ocrx_word' id='word_1_177' title='bbox 321 1813 392 1862; x_wconf 84' lang='lat' dir='ltr'><strong><em>Oret.</em></strong></span> <span class='ocrx_word' id='word_1_178' title='bbox 403 1827 425 1861; x_wconf 85' lang='lat' dir='ltr'><strong><em>c·</em></strong></span> <span class='ocrx_word' id='word_1_179' title='bbox 437 1815 477 1861; x_wconf 71' lang='lat'><strong><em>⁸9.</em></strong></span> <span class='ocrx_word' id='word_1_180' title='bbox 487 1811 551 1868; x_wconf 84' lang='lat' dir='ltr'>Quid</span> <span class='ocrx_word' id='word_1_181' title='bbox 564 1817 609 1866; x_wconf 85' lang='lat' dir='ltr'><strong><em>est,</em></strong></span> <span class='ocrx_word' id='word_1_182' title='bbox 617 1812 643 1859; x_wconf 86' lang='lat' dir='ltr'><strong><em>in</em></strong></span> <span class='ocrx_word' id='word_1_183' title='bbox 652 1825 699 1872; x_wconf 89' lang='lat' dir='ltr'><strong><em>quo</em></strong></span> <span class='ocrx_word' id='word_1_184' title='bbox 708 1811 804 1865; x_wconf 86' lang='lat' dir='ltr'><strong><em>haerest,</em></strong></span> <span class='ocrx_word' id='word_1_185' title='bbox 815 1810 856 1872; x_wconf 90' lang='lat' dir='ltr'><strong><em>qui</em></strong></span> <span class='ocrx_word' id='word_1_186' title='bbox 867 1808 960 1866; x_wconf 72' lang='lat' dir='ltr'><strong><em>viderit,</em></strong></span> <span class='ocrx_word' id='word_1_187' title='bbox 972 1825 1052 1868; x_wconf 87' lang='lat' dir='ltr'><strong><em>omne,</em></strong></span> <span class='ocrx_word' id='word_1_188' title='bbox 1063 1811 1131 1874; x_wconf 87' lang='lat' dir='ltr'><strong><em>quod</em></strong></span> <span class='ocrx_word' id='word_1_189' title='bbox 1140 1827 1218 1862; x_wconf 80' lang='lat' dir='ltr'><strong><em>sume·</em></strong></span> 
     </span>
    </p>
   </div>
   <div class='ocr_carea' id='block_1_10' title="bbox 17 1873 1218 1941">
    <p class='ocr_par' dir='ltr' id='par_1_10' title="bbox 17 1873 1218 1941">
     <span class='ocr_line' id='line_1_20' title="bbox 17 1873 1218 1941; baseline 0.002 -20"><span class='ocrx_word' id='word_1_190' title='bbox 17 1916 20 1921; x_wconf 83' lang='lat'><strong>.</strong></span> <span class='ocrx_word' id='word_1_191' title='bbox 121 1882 159 1921; x_wconf 86' lang='lat' dir='ltr'><strong><em>tur</em></strong></span> <span class='ocrx_word' id='word_1_192' title='bbox 170 1875 194 1921; x_wconf 89' lang='lat' dir='ltr'><strong><em>iu</em></strong></span> <span class='ocrx_word' id='word_1_193' title='bbox 205 1875 311 1922; x_wconf 77' lang='lat' dir='ltr'><strong><em>oratione</em></strong></span> <span class='ocrx_word' id='word_1_194' title='bbox 323 1875 410 1922; x_wconf 82' lang='lat' dir='ltr'><strong><em>autad</em></strong></span> <span class='ocrx_word' id='word_1_195' title='bbox 425 1875 572 1937; x_wconf 81' lang='lat' dir='ltr'><strong><em>probandum</em></strong></span> <span class='ocrx_word' id='word_1_196' title='bbox 590 1873 672 1921; x_wconf 82' lang='lat' dir='ltr'><strong><em>autad</em></strong></span> <span class='ocrx_word' id='word_1_197' title='bbox 689 1873 854 1928; x_wconf 77' lang='lat' dir='ltr'><strong><em>refellendum,</em></strong></span> <span class='ocrx_word' id='word_1_198' title='bbox 871 1882 912 1921; x_wconf 81' lang='lat' dir='ltr'><strong><em>aut</em></strong></span> <span class='ocrx_word' id='word_1_199' title='bbox 927 1888 958 1921; x_wconf 85' lang='lat' dir='ltr'><strong><em>ex</em></strong></span> <span class='ocrx_word' id='word_1_200' title='bbox 968 1889 1013 1923; x_wconf 80' lang='lat' dir='ltr'><strong><em>suo</em></strong></span> <span class='ocrx_word' id='word_1_201' title='bbox 1027 1875 1089 1925; x_wconf 82' lang='lat' dir='ltr'><strong><em>sumi</em></strong></span> <span class='ocrx_word' id='word_1_202' title='bbox 1103 1875 1129 1922; x_wconf 84' lang='lat' dir='ltr'><strong><em>vi</em></strong></span> <span class='ocrx_word' id='word_1_203' title='bbox 1144 1886 1218 1941; x_wconf 78' lang='lat' dir='ltr'><strong><em>utque</em></strong></span> 
     </span>
    </p>
   </div>
   <div class='ocr_carea' id='block_1_11' title="bbox 119 1936 1217 2056">
    <p class='ocr_par' dir='ltr' id='par_1_11' title="bbox 119 1936 1217 2056">
     <span class='ocr_line' id='line_1_21' title="bbox 120 1936 1216 2001; baseline 0.006 -18"><span class='ocrx_word' id='word_1_204' title='bbox 120 1947 210 1995; x_wconf 83' lang='lat' dir='ltr'><strong><em>nature,</em></strong></span> <span class='ocrx_word' id='word_1_205' title='bbox 222 1947 264 1987; x_wconf 82' lang='lat' dir='ltr'><strong><em>eut</em></strong></span> <span class='ocrx_word' id='word_1_206' title='bbox 275 1942 362 1986; x_wconf 77' lang='lat' dir='ltr'><strong><em>assumi</em></strong></span> <span class='ocrx_word' id='word_1_207' title='bbox 374 1939 441 1986; x_wconf 79' lang='lat' dir='ltr'><strong><em>forIs.</em></strong></span> <span class='ocrx_word' id='word_1_208' title='bbox 476 1940 514 1987; x_wconf 92' lang='lat' dir='ltr'><strong><em>Id.</em></strong></span> <span class='ocrx_word' id='word_1_209' title='bbox 528 1939 587 1986; x_wconf 84' lang='lat' dir='ltr'><strong><em>ibid.</em></strong></span> <span class='ocrx_word' id='word_1_210' title='bbox 598 1953 621 1986; x_wconf 84' lang='lat' dir='ltr'><strong><em>o.</em></strong></span> <span class='ocrx_word' id='word_1_211' title='bbox 633 1941 673 1985; x_wconf 84' lang='grc'><strong><em>40.</em></strong></span> <span class='ocrx_word' id='word_1_212' title='bbox 691 1936 760 1983; x_wconf 81' lang='lat' dir='ltr'><strong><em>Foris</em></strong></span> <span class='ocrx_word' id='word_1_213' title='bbox 778 1951 929 1985; x_wconf 79' lang='lat' dir='ltr'><strong><em>assumuntur</em></strong></span> <span class='ocrx_word' id='word_1_214' title='bbox 944 1954 983 1993; x_wconf 84' lang='lat' dir='ltr'><strong><em>ea,</em></strong></span> <span class='ocrx_word' id='word_1_215' title='bbox 994 1954 1048 2001; x_wconf 85' lang='lat' dir='ltr'><strong><em>quae</em></strong></span> <span class='ocrx_word' id='word_1_216' title='bbox 1060 1955 1111 1987; x_wconf 90' lang='lat' dir='ltr'><strong><em>nou</em></strong></span> <span class='ocrx_word' id='word_1_217' title='bbox 1122 1956 1168 1989; x_wconf 78' lang='lat' dir='ltr'><strong><em>sua</em></strong></span> <span class='ocrx_word' id='word_1_218' title='bbox 1184 1943 1216 1999; x_wconf 77' lang='lat' dir='ltr'><strong><em>vi,</em></strong></span> 
     </span>
     <span class='ocr_line' id='line_1_22' title="bbox 119 2003 1217 2056; baseline 0.004 -7"><span class='ocrx_word' id='word_1_219' title='bbox 119 2003 162 2049; x_wconf 74' lang='lat' dir='ltr'><strong><em>red</em></strong></span> <span class='ocrx_word' id='word_1_220' title='bbox 179 2011 292 2051; x_wconf 81' lang='lat' dir='ltr'><strong><em>extraneo</em></strong></span> <span class='ocrx_word' id='word_1_221' title='bbox 306 2003 468 2050; x_wconf 84' lang='lat' dir='ltr'><strong><em>subleventur.</em></strong></span> <span class='ocrx_word' id='word_1_222' title='bbox 484 2004 523 2051; x_wconf 88' lang='lat' dir='ltr'><strong><em>Id.</em></strong></span> <span class='ocrx_word' id='word_1_223' title='bbox 536 2003 629 2051; x_wconf 78' lang='lat' dir='ltr'><strong><em>Periit.</em></strong></span> <span class='ocrx_word' id='word_1_224' title='bbox 638 2018 660 2049; x_wconf 88' lang='lat' dir='ltr'><strong><em>c.</em></strong></span> <span class='ocrx_word' id='word_1_225' title='bbox 674 2006 712 2051; x_wconf 91' lang='grc'><strong><em>14.</em></strong></span> <span class='ocrx_word' id='word_1_226' title='bbox 720 2010 746 2050; x_wconf 89' lang='lat' dir='ltr'><strong><em>et</em></strong></span> <span class='ocrx_word' id='word_1_227' title='bbox 756 2003 773 2049; x_wconf 89' lang='lat'><strong><em>1.</em></strong></span> <span class='ocrx_word' id='word_1_228' title='bbox 782 2006 805 2050; x_wconf 90' lang='lat'><strong><em>1.</em></strong></span> <span class='ocrx_word' id='word_1_229' title='bbox 817 2005 845 2050; x_wconf 88' lang='lat' dir='ltr'><strong><em>de</em></strong></span> <span class='ocrx_word' id='word_1_230' title='bbox 857 2003 951 2051; x_wconf 83' lang='lat' dir='ltr'><strong><em>queut.</em></strong></span> <span class='ocrx_word' id='word_1_231' title='bbox 960 2019 983 2050; x_wconf 89' lang='lat' dir='ltr'><strong><em>c.</em></strong></span> <span class='ocrx_word' id='word_1_232' title='bbox 992 2007 1032 2051; x_wconf 91' lang='grc'><strong><em>11.</em></strong></span> <span class='ocrx_word' id='word_1_233' title='bbox 1044 2009 1070 2050; x_wconf 86' lang='lat' dir='ltr'><strong><em>et</em></strong></span> <span class='ocrx_word' id='word_1_234' title='bbox 1076 2004 1093 2049; x_wconf 91' lang='grc'><strong><em>1.</em></strong></span> <span class='ocrx_word' id='word_1_235' title='bbox 1105 2010 1131 2054; x_wconf 90' lang='grc'><strong><em>2.</em></strong></span> <span class='ocrx_word' id='word_1_236' title='bbox 1141 2021 1163 2055; x_wconf 84' lang='lat' dir='ltr'><strong><em>c.</em></strong></span> <span class='ocrx_word' id='word_1_237' title='bbox 1175 2011 1217 2056; x_wconf 90' lang='grc'><strong><em>24.</em></strong></span> 
     </span>
    </p>
   </div>
   <div class='ocr_carea' id='block_1_12' title="bbox 116 2085 1222 2299">
    <p class='ocr_par' dir='ltr' id='par_1_12' title="bbox 116 2085 1222 2299">
     <span class='ocr_line' id='line_1_23' title="bbox 460 2085 1174 2161; baseline -0.006 -13"><span class='ocrx_word' id='word_1_238' title='bbox 460 2105 484 2148; x_wconf 83' lang='lat' dir='ltr'><strong><em>b.</em></strong></span> <span class='ocrx_word' id='word_1_239' title='bbox 497 2097 681 2156; x_wconf 63' lang='lat' dir='ltr'><strong><em>Furio-ilem,-</em></strong></span> <span class='ocrx_word' id='word_1_240' title='bbox 696 2085 868 2157; x_wconf 70' lang='lat' dir='ltr'><strong><em>soris-istus.</em></strong></span> <span class='ocrx_word' id='word_1_241' title='bbox 882 2142 885 2145; x_wconf 89' lang='lat'><strong>.</strong></span> <span class='ocrx_word' id='word_1_242' title='bbox 1170 2155 1174 2161; x_wconf 14' lang='grc' dir='ltr'>ἣ</span> 
     </span>
     <span class='ocr_line' id='line_1_24' title="bbox 151 2178 1222 2242; baseline 0.002 -14"><span class='ocrx_word' id='word_1_243' title='bbox 151 2179 224 2228; x_wconf 81' lang='lat' dir='ltr'><strong><em>Foris</em></strong></span> <span class='ocrx_word' id='word_1_244' title='bbox 234 2179 306 2226; x_wconf 81' lang='lat' dir='ltr'><strong><em>hebet</em></strong></span> <span class='ocrx_word' id='word_1_245' title='bbox 315 2179 426 2242; x_wconf 76' lang='lat' dir='ltr'><strong><em>opposite</em></strong></span> <span class='ocrx_word' id='word_1_246' title='bbox 439 2179 505 2227; x_wconf 84' lang='lat' dir='ltr'><strong><em>iutro</em></strong></span> <span class='ocrx_word' id='word_1_247' title='bbox 517 2186 541 2226; x_wconf 91' lang='lat' dir='ltr'><strong><em>et</em></strong></span> <span class='ocrx_word' id='word_1_248' title='bbox 551 2179 625 2228; x_wconf 81' lang='lat' dir='ltr'><strong><em>intus.</em></strong></span> <span class='ocrx_word' id='word_1_249' title='bbox 643 2179 706 2241; x_wconf 87' lang='lat' dir='ltr'><strong><em>Nep.</em></strong></span> <span class='ocrx_word' id='word_1_250' title='bbox 718 2179 817 2228; x_wconf 80' lang='lat' dir='ltr'><strong><em>Datum.</em></strong></span> <span class='ocrx_word' id='word_1_251' title='bbox 828 2194 849 2228; x_wconf 83' lang='lat' dir='ltr'><strong><em>e.</em></strong></span> <span class='ocrx_word' id='word_1_252' title='bbox 858 2183 883 2228; x_wconf 79' lang='grc'><strong><em>6.</em></strong></span> <span class='ocrx_word' id='word_1_253' title='bbox 894 2178 1035 2228; x_wconf 70' lang='lat' dir='ltr'><strong><em>Adversarii</em></strong></span> <span class='ocrx_word' id='word_1_254' title='bbox 1043 2194 1093 2227; x_wconf 88' lang='lat' dir='ltr'><strong><em>non</em></strong></span> <span class='ocrx_word' id='word_1_255' title='bbox 1103 2188 1222 2242; x_wconf 68' lang='lat' dir='ltr'><strong><em>poterent*</em></strong></span> 
     </span>
     <span class='ocr_line' id='line_1_25' title="bbox 116 2242 1221 2299; baseline -0.005 -7"><span class='ocrx_word' id='word_1_256' title='bbox 116 2245 236 2299; x_wconf 79' lang='lat' dir='ltr'><strong><em>resistere,</em></strong></span> <span class='ocrx_word' id='word_1_257' title='bbox 248 2259 304 2290; x_wconf 87' lang='lat' dir='ltr'><strong><em>curu</em></strong></span> <span class='ocrx_word' id='word_1_258' title='bbox 313 2251 338 2290; x_wconf 88' lang='lat' dir='ltr'><strong><em>et</em></strong></span> <span class='ocrx_word' id='word_1_259' title='bbox 347 2243 412 2292; x_wconf 74' lang='lat' dir='ltr'><strong><em>iutro</em></strong></span> <span class='ocrx_word' id='word_1_260' title='bbox 419 2243 510 2290; x_wconf 79' lang='lat' dir='ltr'><strong><em>vellum</em></strong></span> <span class='ocrx_word' id='word_1_261' title='bbox 520 2250 544 2289; x_wconf 88' lang='lat' dir='ltr'><strong><em>et</em></strong></span> <span class='ocrx_word' id='word_1_262' title='bbox 554 2242 612 2289; x_wconf 85' lang='lat' dir='ltr'><strong><em>toris</em></strong></span> <span class='ocrx_word' id='word_1_263' title='bbox 622 2244 779 2291; x_wconf 78' lang='lat' dir='ltr'><strong><em>cederentur.</em></strong></span> <span class='ocrx_word' id='word_1_264' title='bbox 1043 2259 1052 2272; x_wconf 69' lang='lat'><strong>.</strong></span> <span class='ocrx_word' id='word_1_265' title='bbox 1219 2269 1221 2275; x_wconf 50' lang='grc' dir='ltr'><strong>ι</strong></span> 
     </span>
    </p>
   </div>
   <div class='ocr_carea' id='block_1_13' title="bbox 118 2275 1216 2434">
    <p class='ocr_par' dir='ltr' id='par_1_13' title="bbox 118 2275 1216 2434">
     <span class='ocr_line' id='line_1_26' title="bbox 156 2275 1216 2368; baseline 0.001 -10"><span class='ocrx_word' id='word_1_266' title='bbox 156 2310 232 2358; x_wconf 85' lang='lat' dir='ltr'><strong><em>Varro</em></strong></span> <span class='ocrx_word' id='word_1_267' title='bbox 242 2309 276 2357; x_wconf 82' lang='lat' dir='ltr'><strong><em>R.</em></strong></span> <span class='ocrx_word' id='word_1_268' title='bbox 288 2309 321 2356; x_wconf 86' lang='lat' dir='ltr'><strong><em>R.</em></strong></span> <span class='ocrx_word' id='word_1_269' title='bbox 332 2309 350 2357; x_wconf 92' lang='grc'><strong><em>1.</em></strong></span> <span class='ocrx_word' id='word_1_270' title='bbox 365 2312 390 2356; x_wconf 75' lang='grc'><strong><em>3.</em></strong></span> <span class='ocrx_word' id='word_1_271' title='bbox 400 2323 422 2355; x_wconf 86' lang='lat' dir='ltr'><strong><em>e.</em></strong></span> <span class='ocrx_word' id='word_1_272' title='bbox 433 2311 473 2357; x_wconf 84' lang='lat' dir='ltr'><strong><em>lo.</em></strong></span> <span class='ocrx_word' id='word_1_273' title='bbox 492 2307 560 2356; x_wconf 82' lang='lat' dir='ltr'><strong><em>Foris</em></strong></span> <span class='ocrx_word' id='word_1_274' title='bbox 570 2315 708 2368; x_wconf 83' lang='lat' dir='ltr'><strong><em>poscuntur,</em></strong></span> <span class='ocrx_word' id='word_1_275' title='bbox 720 2307 785 2354; x_wconf 83' lang='lat' dir='ltr'><strong><em>intus</em></strong></span> <span class='ocrx_word' id='word_1_276' title='bbox 795 2304 862 2354; x_wconf 80' lang='lat' dir='ltr'><strong><em>feros</em></strong></span> <span class='ocrx_word' id='word_1_277' title='bbox 871 2307 944 2355; x_wconf 85' lang='lat' dir='ltr'><strong><em>melle</em></strong></span> <span class='ocrx_word' id='word_1_278' title='bbox 954 2308 1065 2357; x_wconf 79' lang='lat' dir='ltr'><strong><em>farciunt.</em></strong></span> <span class='ocrx_word' id='word_1_279' title='bbox 1090 2275 1216 2362; x_wconf 76' lang='lat' dir='ltr'><strong><em>Colursell.</em></strong></span> 
     </span>
     <span class='ocr_line' id='line_1_27' title="bbox 118 2370 1093 2434; baseline -0.001 -14"><span class='ocrx_word' id='word_1_280' title='bbox 118 2375 135 2420; x_wconf 92' lang='grc'><strong><em>1.</em></strong></span> <span class='ocrx_word' id='word_1_281' title='bbox 148 2377 186 2422; x_wconf 91' lang='grc'><strong><em>12.</em></strong></span> <span class='ocrx_word' id='word_1_282' title='bbox 196 2373 268 2434; x_wconf 74' lang='lat' dir='ltr'><strong><em>prees.</em></strong></span> <span class='ocrx_word' id='word_1_283' title='bbox 283 2373 350 2422; x_wconf 83' lang='lat' dir='ltr'><strong><em>Pliu.</em></strong></span> <span class='ocrx_word' id='word_1_284' title='bbox 361 2373 377 2419; x_wconf 87' lang='lat'><strong><em>1.</em></strong></span> <span class='ocrx_word' id='word_1_285' title='bbox 391 2377 429 2422; x_wconf 91' lang='grc'><strong><em>15.</em></strong></span> <span class='ocrx_word' id='word_1_286' title='bbox 440 2388 462 2419; x_wconf 87' lang='lat' dir='ltr'><strong><em>c.</em></strong></span> <span class='ocrx_word' id='word_1_287' title='bbox 470 2374 511 2420; x_wconf 85' lang='grc'><strong><em>28.</em></strong></span> <span class='ocrx_word' id='word_1_288' title='bbox 521 2371 538 2418; x_wconf 92' lang='grc'><strong><em>1.</em></strong></span> <span class='ocrx_word' id='word_1_289' title='bbox 546 2374 587 2420; x_wconf 84' lang='grc'><strong><em>22.</em></strong></span> <span class='ocrx_word' id='word_1_290' title='bbox 598 2387 620 2418; x_wconf 88' lang='lat' dir='ltr'><strong><em>c.</em></strong></span> <span class='ocrx_word' id='word_1_291' title='bbox 632 2376 673 2420; x_wconf 88' lang='grc'><strong><em>24.</em></strong></span> <span class='ocrx_word' id='word_1_292' title='bbox 684 2382 708 2418; x_wconf 83' lang='lat' dir='ltr'><strong><em>et</em></strong></span> <span class='ocrx_word' id='word_1_293' title='bbox 719 2370 735 2418; x_wconf 94' lang='grc' dir='ltr'><strong><em>Ι.</em></strong></span> <span class='ocrx_word' id='word_1_294' title='bbox 744 2374 784 2418; x_wconf 86' lang='grc'><strong><em>27.</em></strong></span> <span class='ocrx_word' id='word_1_295' title='bbox 795 2387 817 2418; x_wconf 83' lang='lat' dir='ltr'><strong><em>e.</em></strong></span> <span class='ocrx_word' id='word_1_296' title='bbox 825 2374 865 2420; x_wconf 72' lang='lat'><strong><em>18.</em></strong></span> <span class='ocrx_word' id='word_1_297' title='bbox 1036 2372 1037 2375; x_wconf 69' lang='grc'>’</span> <span class='ocrx_word' id='word_1_298' title='bbox 1091 2396 1093 2400; x_wconf 93' lang='grc'><em>·</em></span> 
     </span>
    </p>
   </div>
   <div class='ocr_carea' id='block_1_14' title="bbox 576 2467 752 2532">
    <p class='ocr_par' dir='ltr' id='par_1_14' title="bbox 576 2467 752 2532">
     <span class='ocr_line' id='line_1_28' title="bbox 576 2467 752 2532; baseline 0.006 -17"><span class='ocrx_word' id='word_1_299' title='bbox 576 2467 752 2532; x_wconf 85' lang='lat' dir='ltr'><strong><em>(Admonitio.)</em></strong></span> 
     </span>
    </p>
   </div>
   <div class='ocr_carea' id='block_1_15' title="bbox 104 2548 1219 2936">
    <p class='ocr_par' dir='ltr' id='par_1_15' title="bbox 104 2548 1219 2936">
     <span class='ocr_line' id='line_1_29' title="bbox 149 2548 1214 2614; baseline 0.004 -17"><span class='ocrx_word' id='word_1_300' title='bbox 149 2551 235 2600; x_wconf 80' lang='lat' dir='ltr'><strong><em>Plures</em></strong></span> <span class='ocrx_word' id='word_1_301' title='bbox 246 2559 303 2599; x_wconf 86' lang='lat' dir='ltr'><strong><em>sunt</em></strong></span> <span class='ocrx_word' id='word_1_302' title='bbox 312 2549 385 2614; x_wconf 78' lang='lat' dir='ltr'><strong><em>hujus</em></strong></span> <span class='ocrx_word' id='word_1_303' title='bbox 394 2550 461 2598; x_wconf 84' lang='lat' dir='ltr'><strong><em>verbi</em></strong></span> <span class='ocrx_word' id='word_1_304' title='bbox 472 2549 667 2613; x_wconf 78' lang='lat' dir='ltr'><strong><em>siguificatIoues.</em></strong></span> <span class='ocrx_word' id='word_1_305' title='bbox 701 2549 736 2596; x_wconf 80' lang='lat' dir='ltr'><strong><em>lis</em></strong></span> <span class='ocrx_word' id='word_1_306' title='bbox 746 2548 889 2612; x_wconf 74' lang='lat' dir='ltr'><strong><em>reperiendis</em></strong></span> <span class='ocrx_word' id='word_1_307' title='bbox 901 2549 1004 2609; x_wconf 86' lang='lat' dir='ltr'><strong><em>proderit</em></strong></span> <span class='ocrx_word' id='word_1_308' title='bbox 1019 2551 1076 2606; x_wconf 85' lang='lat' dir='ltr'><strong><em>hoc,</em></strong></span> <span class='ocrx_word' id='word_1_309' title='bbox 1091 2558 1119 2599; x_wconf 90' lang='lat' dir='ltr'><strong><em>ut</em></strong></span> <span class='ocrx_word' id='word_1_310' title='bbox 1129 2553 1214 2601; x_wconf 82' lang='lat' dir='ltr'><strong><em>obser·</em></strong></span> 
     </span>
     <span class='ocr_line' id='line_1_30' title="bbox 118 2612 1219 2678; baseline -0.004 -15"><span class='ocrx_word' id='word_1_311' title='bbox 118 2632 210 2671; x_wconf 84' lang='lat' dir='ltr'><strong><em>remos,</em></strong></span> <span class='ocrx_word' id='word_1_312' title='bbox 222 2618 262 2664; x_wconf 88' lang='lat' dir='ltr'><strong><em>cui</em></strong></span> <span class='ocrx_word' id='word_1_313' title='bbox 274 2617 306 2664; x_wconf 91' lang='lat' dir='ltr'><strong><em>rei</em></strong></span> <span class='ocrx_word' id='word_1_314' title='bbox 315 2615 446 2675; x_wconf 82' lang='lat' dir='ltr'><strong><em>illudsoris</em></strong></span> <span class='ocrx_word' id='word_1_315' title='bbox 455 2623 600 2678; x_wconf 79' lang='lat' dir='ltr'><strong><em>opponetur.</em></strong></span> <span class='ocrx_word' id='word_1_316' title='bbox 633 2615 673 2662; x_wconf 91' lang='lat' dir='ltr'><strong><em>Sic</em></strong></span> <span class='ocrx_word' id='word_1_317' title='bbox 687 2613 739 2662; x_wconf 82' lang='lat' dir='ltr'><strong><em>Cle.</em></strong></span> <span class='ocrx_word' id='word_1_318' title='bbox 756 2615 787 2660; x_wconf 89' lang='lat' dir='ltr'><strong><em>od</em></strong></span> <span class='ocrx_word' id='word_1_319' title='bbox 800 2612 831 2668; x_wconf 81' lang='lat' dir='ltr'><strong><em>Q.</em></strong></span> <span class='ocrx_word' id='word_1_320' title='bbox 843 2614 888 2662; x_wconf 82' lang='lat' dir='ltr'><strong><em>Fr.</em></strong></span> <span class='ocrx_word' id='word_1_321' title='bbox 897 2614 914 2660; x_wconf 90' lang='grc'><strong><em>1.</em></strong></span> <span class='ocrx_word' id='word_1_322' title='bbox 924 2618 949 2662; x_wconf 85' lang='grc'><strong><em>2.</em></strong></span> <span class='ocrx_word' id='word_1_323' title='bbox 958 2629 994 2676; x_wconf 87' lang='lat' dir='ltr'><strong><em>ep.</em></strong></span> <span class='ocrx_word' id='word_1_324' title='bbox 1004 2617 1028 2663; x_wconf 88' lang='grc'><strong><em>8.</em></strong></span> <span class='ocrx_word' id='word_1_325' title='bbox 1039 2615 1137 2674; x_wconf 60' lang='lat' dir='ltr'><strong><em>inseres</em></strong></span> <span class='ocrx_word' id='word_1_326' title='bbox 1146 2620 1219 2667; x_wconf 59' lang='lat' dir='ltr'><strong><em>mue.</em></strong></span> 
     </span>
     <span class='ocr_line' id='line_1_31' title="bbox 114 2677 1219 2744; baseline 0.001 -15"><span class='ocrx_word' id='word_1_327' title='bbox 114 2683 246 2743; x_wconf 73' lang='lat' dir='ltr'><strong><em>plauditur,</em></strong></span> <span class='ocrx_word' id='word_1_328' title='bbox 264 2689 390 2728; x_wconf 84' lang='lat' dir='ltr'><strong><em>contextus</em></strong></span> <span class='ocrx_word' id='word_1_329' title='bbox 406 2680 499 2735; x_wconf 75' lang='lat' dir='ltr'><strong><em>docent,</em></strong></span> <span class='ocrx_word' id='word_1_330' title='bbox 513 2679 569 2731; x_wconf 78' lang='lat' dir='ltr'><strong><em>toris</em></strong></span> <span class='ocrx_word' id='word_1_331' title='bbox 586 2693 639 2726; x_wconf 84' lang='lat' dir='ltr'><strong><em>esee</em></strong></span> <span class='ocrx_word' id='word_1_332' title='bbox 658 2679 688 2728; x_wconf 86' lang='lat' dir='ltr'><strong><em>ob</em></strong></span> <span class='ocrx_word' id='word_1_333' title='bbox 701 2677 825 2726; x_wconf 71' lang='lat' dir='ltr'><strong><em>ordiaribus</em></strong></span> <span class='ocrx_word' id='word_1_334' title='bbox 836 2678 942 2739; x_wconf 74' lang='lat' dir='ltr'><strong><em>reliquis,</em></strong></span> <span class='ocrx_word' id='word_1_335' title='bbox 953 2679 1058 2741; x_wconf 78' lang='lat' dir='ltr'><strong><em>equestri</em></strong></span> <span class='ocrx_word' id='word_1_336' title='bbox 1075 2684 1101 2728; x_wconf 83' lang='lat' dir='ltr'><strong><em>et</em></strong></span> <span class='ocrx_word' id='word_1_337' title='bbox 1114 2683 1219 2744; x_wconf 76' lang='lat' dir='ltr'><strong><em>plebeis,</em></strong></span> 
     </span>
     <span class='ocr_line' id='line_1_32' title="bbox 104 2741 1212 2808; baseline 0.005 -17"><span class='ocrx_word' id='word_1_338' title='bbox 104 2800 106 2804; x_wconf 14' lang='grc' dir='ltr'><em>Α</em></span> <span class='ocrx_word' id='word_1_339' title='bbox 117 2747 245 2808; x_wconf 84' lang='lat' dir='ltr'><strong><em>opponitur</em></strong></span> <span class='ocrx_word' id='word_1_340' title='bbox 255 2745 357 2792; x_wconf 81' lang='lat' dir='ltr'><strong><em>senatui.</em></strong></span> <span class='ocrx_word' id='word_1_341' title='bbox 367 2751 382 2793; x_wconf 90' lang='grc'><strong>5</strong></span> <span class='ocrx_word' id='word_1_342' title='bbox 396 2746 466 2794; x_wconf 76' lang='lat' dir='ltr'><strong><em>Vere.</em></strong></span> <span class='ocrx_word' id='word_1_343' title='bbox 477 2750 499 2793; x_wconf 65' lang='lat' dir='ltr'><strong><em>c}</em></strong></span> <span class='ocrx_word' id='word_1_344' title='bbox 511 2748 551 2792; x_wconf 86' lang='grc'><strong><em>99.</em></strong></span> <span class='ocrx_word' id='word_1_345' title='bbox 561 2743 587 2808; x_wconf 79' lang='grc'><strong><em>(3</em></strong></span> <span class='ocrx_word' id='word_1_346' title='bbox 600 2743 627 2792; x_wconf 86' lang='lat' dir='ltr'><strong><em>V.</em></strong></span> <span class='ocrx_word' id='word_1_347' title='bbox 638 2760 660 2790; x_wconf 87' lang='lat' dir='ltr'><strong><em>c.</em></strong></span> <span class='ocrx_word' id='word_1_348' title='bbox 671 2741 726 2805; x_wconf 87' lang='grc'><strong>99.)</strong></span> <span class='ocrx_word' id='word_1_349' title='bbox 740 2749 776 2788; x_wconf 82' lang='lat' dir='ltr'><strong><em>est</em></strong></span> <span class='ocrx_word' id='word_1_350' title='bbox 787 2741 992 2800; x_wconf 66' lang='lat' dir='ltr'><strong><em>extrujudicium</em></strong></span> <span class='ocrx_word' id='word_1_351' title='bbox 1010 2750 1056 2804; x_wconf 72' lang='lat' dir='ltr'><strong><em>&#39;pro</em></strong></span> <span class='ocrx_word' id='word_1_352' title='bbox 1067 2745 1143 2794; x_wconf 75' lang='lat' dir='ltr'><strong><em>Arei.</em></strong></span> <span class='ocrx_word' id='word_1_353' title='bbox 1154 2763 1176 2794; x_wconf 89' lang='lat' dir='ltr'><strong><em>c.</em></strong></span> <span class='ocrx_word' id='word_1_354' title='bbox 1188 2751 1212 2796; x_wconf 87' lang='grc'><strong><em>7.</em></strong></span> 
     </span>
     <span class='ocr_line' id='line_1_33' title="bbox 116 2805 1212 2872; baseline 0.002 -16"><span class='ocrx_word' id='word_1_355' title='bbox 116 2819 155 2856; x_wconf 83' lang='lat' dir='ltr'><strong><em>est</em></strong></span> <span class='ocrx_word' id='word_1_356' title='bbox 165 2810 191 2857; x_wconf 82' lang='lat' dir='ltr'><strong><em>iu</em></strong></span> <span class='ocrx_word' id='word_1_357' title='bbox 200 2811 329 2872; x_wconf 74' lang='lat' dir='ltr'><strong><em>prouinciis</em></strong></span> <span class='ocrx_word' id='word_1_358' title='bbox 342 2816 385 2857; x_wconf 84' lang='lat' dir='ltr'><strong><em>out</em></strong></span> <span class='ocrx_word' id='word_1_359' title='bbox 399 2811 426 2858; x_wconf 86' lang='grc' dir='ltr'><strong><em>ιἰι</em></strong></span> <span class='ocrx_word' id='word_1_360' title='bbox 440 2809 499 2858; x_wconf 82' lang='lat' dir='ltr'><strong><em>bello</em></strong></span> <span class='ocrx_word' id='word_1_361' title='bbox 511 2815 559 2856; x_wconf 83' lang='lat' dir='ltr'><strong><em>etc.</em></strong></span> <span class='ocrx_word' id='word_1_362' title='bbox 594 2809 625 2857; x_wconf 87' lang='lat' dir='ltr'><strong><em>Iu</em></strong></span> <span class='ocrx_word' id='word_1_363' title='bbox 643 2808 697 2856; x_wconf 80' lang='lat' dir='ltr'><strong><em>Pir·</em></strong></span> <span class='ocrx_word' id='word_1_364' title='bbox 710 2809 767 2854; x_wconf 75' lang='lat' dir='ltr'><strong><em>ed.</em></strong></span> <span class='ocrx_word' id='word_1_365' title='bbox 776 2805 842 2864; x_wconf 69' lang='lat' dir='ltr'><strong><em>forie</em></strong></span> <span class='ocrx_word' id='word_1_366' title='bbox 852 2821 902 2855; x_wconf 81' lang='lat' dir='ltr'><strong><em>erre</em></strong></span> <span class='ocrx_word' id='word_1_367' title='bbox 916 2805 1036 2863; x_wconf 81' lang='lat' dir='ltr'><strong><em>dicuntur,</em></strong></span> <span class='ocrx_word' id='word_1_368' title='bbox 1054 2809 1096 2870; x_wconf 92' lang='lat' dir='ltr'><strong><em>qui</em></strong></span> <span class='ocrx_word' id='word_1_369' title='bbox 1107 2819 1172 2857; x_wconf 79' lang='lat' dir='ltr'><strong><em>eunt</em></strong></span> <span class='ocrx_word' id='word_1_370' title='bbox 1186 2810 1212 2858; x_wconf 88' lang='lat' dir='ltr'><strong><em>iu</em></strong></span> 
     </span>
     <span class='ocr_line' id='line_1_34' title="bbox 117 2870 1180 2936; baseline 0.003 -17"><span class='ocrx_word' id='word_1_371' title='bbox 117 2889 162 2922; x_wconf 77' lang='lat' dir='ltr'><strong><em>ere</em></strong></span> <span class='ocrx_word' id='word_1_372' title='bbox 174 2875 265 2923; x_wconf 73' lang='lat' dir='ltr'><strong><em>alieno:</em></strong></span> <span class='ocrx_word' id='word_1_373' title='bbox 283 2876 340 2924; x_wconf 85' lang='lat' dir='ltr'><strong><em>item</em></strong></span> <span class='ocrx_word' id='word_1_374' title='bbox 350 2874 419 2936; x_wconf 82' lang='lat' dir='ltr'><strong><em>olibi,</em></strong></span> <span class='ocrx_word' id='word_1_375' title='bbox 429 2874 471 2936; x_wconf 87' lang='lat' dir='ltr'><strong><em>qui</em></strong></span> <span class='ocrx_word' id='word_1_376' title='bbox 482 2873 632 2923; x_wconf 79' lang='lat' dir='ltr'><strong><em>extrinsecos</em></strong></span> <span class='ocrx_word' id='word_1_377' title='bbox 645 2885 774 2934; x_wconf 76' lang='lat' dir='ltr'><strong><em>suspensos</em></strong></span> <span class='ocrx_word' id='word_1_378' title='bbox 784 2870 875 2920; x_wconf 79' lang='lat' dir='ltr'><strong><em>hebent</em></strong></span> <span class='ocrx_word' id='word_1_379' title='bbox 882 2871 1061 2922; x_wconf 75' lang='lat' dir='ltr'><strong><em>rationesboue</em></strong></span> <span class='ocrx_word' id='word_1_380' title='bbox 1071 2873 1180 2924; x_wconf 85' lang='lat' dir='ltr'><strong><em>vivendi.</em></strong></span> 
     </span>
    </p>
   </div>
   <div class='ocr_carea' id='block_1_16' title="bbox 515 3015 813 3066">
    <p class='ocr_par' dir='ltr' id='par_1_16' title="bbox 515 3015 813 3066">
     <span class='ocr_line' id='line_1_35' title="bbox 515 3015 813 3066; baseline -0.007 0"><span class='ocrx_word' id='word_1_381' title='bbox 515 3017 629 3066; x_wconf 86' lang='lat' dir='ltr'>CAPUT</span> <span class='ocrx_word' id='word_1_382' title='bbox 662 3015 813 3064; x_wconf 80' lang='lat' dir='ltr'><strong>LXXXVII.</strong></span> 
     </span>
    </p>
   </div>
   <div class='ocr_carea' id='block_1_17' title="bbox 371 3112 953 3176">
    <p class='ocr_par' dir='ltr' id='par_1_17' title="bbox 371 3112 953 3176">
     <span class='ocr_line' id='line_1_36' title="bbox 371 3112 953 3176; baseline -0.007 0"><span class='ocrx_word' id='word_1_383' title='bbox 371 3120 421 3176; x_wconf 90' lang='lat' dir='ltr'><strong><em>De</em></strong></span> <span class='ocrx_word' id='word_1_384' title='bbox 434 3115 584 3175; x_wconf 77' lang='lat' dir='ltr'><strong><em>Aduerbio</em></strong></span> <span class='ocrx_word' id='word_1_385' title='bbox 607 3115 716 3172; x_wconf 77' lang='lat' dir='ltr'><strong><em>Fouuu</em></strong></span> <span class='ocrx_word' id='word_1_386' title='bbox 736 3121 765 3172; x_wconf 83' lang='lat' dir='ltr'><strong><em>et</em></strong></span> <span class='ocrx_word' id='word_1_387' title='bbox 779 3112 953 3172; x_wconf 75' lang='lat' dir='ltr'><strong><em>Fourussu.</em></strong></span> 
     </span>
    </p>
   </div>
   <div class='ocr_carea' id='block_1_18' title="bbox 113 3207 1231 3468">
    <p class='ocr_par' dir='ltr' id='par_1_18' title="bbox 114 3207 1231 3400">
     <span class='ocr_line' id='line_1_37' title="bbox 149 3207 1210 3271; baseline -0.001 -11"><span class='ocrx_word' id='word_1_388' title='bbox 149 3218 171 3260; x_wconf 90' lang='grc'><strong><em>1.</em></strong></span> <span class='ocrx_word' id='word_1_389' title='bbox 184 3213 271 3261; x_wconf 81' lang='lat' dir='ltr'><strong><em>Fouru</em></strong></span> <span class='ocrx_word' id='word_1_390' title='bbox 283 3221 309 3260; x_wconf 86' lang='lat' dir='ltr'><strong><em>et</em></strong></span> <span class='ocrx_word' id='word_1_391' title='bbox 320 3213 451 3260; x_wconf 79' lang='lat' dir='ltr'><strong><em>Foursssu</em></strong></span> <span class='ocrx_word' id='word_1_392' title='bbox 467 3227 516 3258; x_wconf 89' lang='lat' dir='ltr'><strong><em>nou</em></strong></span> <span class='ocrx_word' id='word_1_393' title='bbox 527 3218 607 3258; x_wconf 83' lang='lat' dir='ltr'><strong><em>temen</em></strong></span> <span class='ocrx_word' id='word_1_394' title='bbox 619 3209 718 3271; x_wconf 84' lang='lat' dir='ltr'><strong><em>origine,</em></strong></span> <span class='ocrx_word' id='word_1_395' title='bbox 729 3221 801 3270; x_wconf 77' lang='lat' dir='ltr'><strong><em>quom</em></strong></span> <span class='ocrx_word' id='word_1_396' title='bbox 812 3207 985 3269; x_wconf 83' lang='lat' dir='ltr'><strong><em>significatione</em></strong></span> <span class='ocrx_word' id='word_1_397' title='bbox 996 3215 1022 3255; x_wconf 82' lang='lat' dir='ltr'><strong><em>et</em></strong></span> <span class='ocrx_word' id='word_1_398' title='bbox 1030 3225 1075 3256; x_wconf 91' lang='lat' dir='ltr'><strong><em>usu</em></strong></span> <span class='ocrx_word' id='word_1_399' title='bbox 1085 3210 1210 3263; x_wconf 86' lang='lat' dir='ltr'><strong><em>differunt.</em></strong></span> 
     </span>
     <span class='ocr_line' id='line_1_38' title="bbox 116 3273 1231 3338; baseline -0.002 -12"><span class='ocrx_word' id='word_1_400' title='bbox 116 3279 190 3326; x_wconf 85' lang='lat' dir='ltr'><strong><em>Forte</em></strong></span> <span class='ocrx_word' id='word_1_401' title='bbox 200 3278 338 3324; x_wconf 86' lang='lat' dir='ltr'><strong><em>euimideru</em></strong></span> <span class='ocrx_word' id='word_1_402' title='bbox 348 3277 457 3338; x_wconf 82' lang='lat' dir='ltr'><strong><em>estquod</em></strong></span> <span class='ocrx_word' id='word_1_403' title='bbox 470 3274 606 3333; x_wconf 67' lang='lat' dir='ltr'><strong><em>eorurjust.</em></strong></span> <span class='ocrx_word' id='word_1_404' title='bbox 632 3275 682 3320; x_wconf 87' lang='lat' dir='ltr'><strong><em>Cio.</em></strong></span> <span class='ocrx_word' id='word_1_405' title='bbox 694 3273 711 3318; x_wconf 91' lang='grc'><strong><em>1.</em></strong></span> <span class='ocrx_word' id='word_1_406' title='bbox 722 3276 747 3320; x_wconf 93' lang='grc'><strong><em>2.</em></strong></span> <span class='ocrx_word' id='word_1_407' title='bbox 758 3273 787 3319; x_wconf 93' lang='lat' dir='ltr'><strong><em>de</em></strong></span> <span class='ocrx_word' id='word_1_408' title='bbox 801 3273 871 3321; x_wconf 84' lang='lat' dir='ltr'><strong><em>Oret.</em></strong></span> <span class='ocrx_word' id='word_1_409' title='bbox 883 3289 905 3319; x_wconf 81' lang='lat' dir='ltr'><strong><em>c.</em></strong></span> <span class='ocrx_word' id='word_1_410' title='bbox 914 3279 955 3321; x_wconf 87' lang='grc'><strong><em>55.</em></strong></span> <span class='ocrx_word' id='word_1_411' title='bbox 967 3273 1037 3319; x_wconf 79' lang='lat' dir='ltr'><strong><em>Forte</em></strong></span> <span class='ocrx_word' id='word_1_412' title='bbox 1048 3275 1136 3330; x_wconf 83' lang='lat' dir='ltr'><strong><em>evenit,</em></strong></span> <span class='ocrx_word' id='word_1_413' title='bbox 1148 3287 1175 3324; x_wconf 86' lang='lat' dir='ltr'><strong><em>ut</em></strong></span> <span class='ocrx_word' id='word_1_414' title='bbox 1186 3277 1209 3324; x_wconf 89' lang='lat' dir='ltr'><strong><em>in</em></strong></span> <span class='ocrx_word' id='word_1_415' title='bbox 1229 3280 1231 3284; x_wconf 80' lang='grc'>’</span> 
     </span>
     <span class='ocr_line' id='line_1_39' title="bbox 114 3334 1211 3400; baseline -0.002 -12"><span class='ocrx_word' id='word_1_416' title='bbox 114 3342 248 3388; x_wconf 80' lang='lat' dir='ltr'><strong><em>Priuernati</em></strong></span> <span class='ocrx_word' id='word_1_417' title='bbox 259 3356 373 3387; x_wconf 83' lang='lat' dir='ltr'><strong><em>essemus.</em></strong></span> <span class='ocrx_word' id='word_1_418' title='bbox 400 3341 439 3387; x_wconf 90' lang='lat' dir='ltr'><strong><em>Id.</em></strong></span> <span class='ocrx_word' id='word_1_419' title='bbox 448 3353 492 3400; x_wconf 87' lang='lat' dir='ltr'><strong><em>pro</em></strong></span> <span class='ocrx_word' id='word_1_420' title='bbox 504 3339 589 3386; x_wconf 80' lang='lat' dir='ltr'><strong><em>Pleno.</em></strong></span> <span class='ocrx_word' id='word_1_421' title='bbox 599 3353 621 3383; x_wconf 87' lang='lat' dir='ltr'><strong><em>c.</em></strong></span> <span class='ocrx_word' id='word_1_422' title='bbox 633 3341 674 3384; x_wconf 83' lang='lat'><strong><em>26.</em></strong></span> <span class='ocrx_word' id='word_1_423' title='bbox 692 3334 755 3381; x_wconf 87' lang='lat' dir='ltr'><strong><em>Cum</em></strong></span> <span class='ocrx_word' id='word_1_424' title='bbox 763 3334 878 3381; x_wconf 85' lang='lat' dir='ltr'><strong><em>Puteolos</em></strong></span> <span class='ocrx_word' id='word_1_425' title='bbox 893 3337 954 3384; x_wconf 85' lang='lat' dir='ltr'><strong><em>forte</em></strong></span> <span class='ocrx_word' id='word_1_426' title='bbox 972 3337 1099 3394; x_wconf 82' lang='lat' dir='ltr'><strong><em>venissem,</em></strong></span> <span class='ocrx_word' id='word_1_427' title='bbox 1112 3341 1211 3389; x_wconf 51' lang='lat' dir='ltr'><strong><em>&#39;concidi</em></strong></span> 
     </span>
    </p>

    <p class='ocr_par' dir='ltr' id='par_1_19' title="bbox 113 3401 994 3468">
     <span class='ocr_line' id='line_1_40' title="bbox 113 3401 994 3468; baseline -0.007 -16"><span class='ocrx_word' id='word_1_428' title='bbox 113 3420 190 3468; x_wconf 85' lang='lat' dir='ltr'><strong><em>paeue.</em></strong></span> <span class='ocrx_word' id='word_1_429' title='bbox 206 3406 274 3454; x_wconf 80' lang='lat' dir='ltr'><strong><em>sober</em></strong></span> <span class='ocrx_word' id='word_1_430' title='bbox 285 3406 302 3452; x_wconf 93' lang='lat' dir='ltr'><strong>I</strong></span> <span class='ocrx_word' id='word_1_431' title='bbox 309 3403 414 3463; x_wconf 75' lang='lat' dir='ltr'><strong><em>bodjust</em></strong></span> <span class='ocrx_word' id='word_1_432' title='bbox 424 3403 528 3451; x_wconf 79' lang='lat' dir='ltr'><strong><em>arrived.</em></strong></span> <span class='ocrx_word' id='word_1_433' title='bbox 545 3402 560 3431; x_wconf 73' lang='lat'>¹</span> <span class='ocrx_word' id='word_1_434' title='bbox 572 3401 628 3450; x_wconf 77' lang='lat' dir='ltr'><strong><em>Lis.</em></strong></span> <span class='ocrx_word' id='word_1_435' title='bbox 637 3401 656 3448; x_wconf 92' lang='grc'><strong><em>1.</em></strong></span> <span class='ocrx_word' id='word_1_436' title='bbox 667 3404 707 3451; x_wconf 78' lang='grc'><strong><em>92.</em></strong></span> <span class='ocrx_word' id='word_1_437' title='bbox 718 3415 740 3446; x_wconf 82' lang='lat' dir='ltr'><strong><em>c.</em></strong></span> <span class='ocrx_word' id='word_1_438' title='bbox 751 3402 790 3447; x_wconf 94' lang='lat'><strong><em>11.</em></strong></span> <span class='ocrx_word' id='word_1_439' title='bbox 801 3411 826 3446; x_wconf 88' lang='lat' dir='ltr'><strong><em>et</em></strong></span> <span class='ocrx_word' id='word_1_440' title='bbox 840 3401 857 3447; x_wconf 90' lang='lat'><strong><em>1.</em></strong></span> <span class='ocrx_word' id='word_1_441' title='bbox 867 3404 908 3448; x_wconf 88' lang='grc'><strong><em>40.</em></strong></span> <span class='ocrx_word' id='word_1_442' title='bbox 920 3417 941 3448; x_wconf 87' lang='lat' dir='ltr'><strong><em>c.</em></strong></span> <span class='ocrx_word' id='word_1_443' title='bbox 953 3405 994 3450; x_wconf 84' lang='grc'><strong><em>59.</em></strong></span> 
     </span>
    </p>
   </div>
   <div class='ocr_carea' id='block_1_19' title="bbox 119 3481 1208 3641">
    <p class='ocr_par' dir='ltr' id='par_1_20' title="bbox 119 3481 1208 3641">
     <span class='ocr_line' id='line_1_41' title="bbox 432 3481 1043 3560; baseline -0.008 -14"><span class='ocrx_word' id='word_1_444' title='bbox 432 3499 447 3528; x_wconf 75' lang='lat'><strong><em>&#39;¹</em></strong></span> <span class='ocrx_word' id='word_1_445' title='bbox 459 3501 483 3546; x_wconf 83' lang='grc'><strong><em>2.</em></strong></span> <span class='ocrx_word' id='word_1_446' title='bbox 498 3496 710 3551; x_wconf 82' lang='lat' dir='ltr'><strong><em>Forte—oonsilio,</em></strong></span> <span class='ocrx_word' id='word_1_447' title='bbox 724 3481 891 3558; x_wconf 60' lang='lat' dir='ltr'><strong><em>prurientia.</em></strong></span> <span class='ocrx_word' id='word_1_448' title='bbox 987 3548 989 3560; x_wconf 44' lang='grc' dir='ltr'>Ι</span> <span class='ocrx_word' id='word_1_449' title='bbox 1038 3536 1043 3541; x_wconf 85' lang='grc'><strong>.</strong></span> 
     </span>
     <span class='ocr_line' id='line_1_42' title="bbox 119 3550 1208 3641; baseline -0.006 -9"><span class='ocrx_word' id='word_1_450' title='bbox 119 3570 125 3583; x_wconf 72' lang='grc'>’</span> <span class='ocrx_word' id='word_1_451' title='bbox 144 3585 199 3634; x_wconf 72' lang='lat' dir='ltr'><strong><em>diu.</em></strong></span> <span class='ocrx_word' id='word_1_452' title='bbox 209 3584 226 3631; x_wconf 87' lang='lat' dir='ltr'><strong><em>l.</em></strong></span> <span class='ocrx_word' id='word_1_453' title='bbox 237 3588 261 3634; x_wconf 87' lang='lat'><strong><em>9.</em></strong></span> <span class='ocrx_word' id='word_1_454' title='bbox 274 3599 295 3634; x_wconf 84' lang='lat' dir='ltr'><strong><em>c·</em></strong></span> <span class='ocrx_word' id='word_1_455' title='bbox 306 3584 346 3633; x_wconf 76' lang='lat' dir='ltr'><strong><em>ol.</em></strong></span> <span class='ocrx_word' id='word_1_456' title='bbox 368 3579 465 3641; x_wconf 76' lang='lat' dir='ltr'><strong><em>Captivi</em></strong></span> <span class='ocrx_word' id='word_1_457' title='bbox 473 3593 528 3640; x_wconf 84' lang='lat' dir='ltr'><strong><em>pore</em></strong></span> <span class='ocrx_word' id='word_1_458' title='bbox 536 3578 605 3633; x_wconf 84' lang='lat' dir='ltr'><strong><em>forte,</em></strong></span> <span class='ocrx_word' id='word_1_459' title='bbox 616 3550 670 3641; x_wconf 71' lang='lat' dir='ltr'><strong><em>pers</em></strong></span> <span class='ocrx_word' id='word_1_460' title='bbox 681 3577 781 3624; x_wconf 88' lang='lat' dir='ltr'><strong><em>consitio</em></strong></span> <span class='ocrx_word' id='word_1_461' title='bbox 793 3577 874 3624; x_wconf 84' lang='lat' dir='ltr'><strong><em>obleti.</em></strong></span> <span class='ocrx_word' id='word_1_462' title='bbox 901 3578 941 3626; x_wconf 81' lang='lat' dir='ltr'><strong><em>[d.</em></strong></span> <span class='ocrx_word' id='word_1_463' title='bbox 952 3578 969 3624; x_wconf 90' lang='lat' dir='ltr'><strong><em>I.</em></strong></span> <span class='ocrx_word' id='word_1_464' title='bbox 980 3583 1022 3626; x_wconf 85' lang='grc'><strong><em>25.</em></strong></span> <span class='ocrx_word' id='word_1_465' title='bbox 1034 3594 1056 3627; x_wconf 90' lang='lat' dir='ltr'><strong><em>e.</em></strong></span> <span class='ocrx_word' id='word_1_466' title='bbox 1069 3553 1111 3630; x_wconf 74' lang='grc'><strong><em>19.</em></strong></span> <span class='ocrx_word' id='word_1_467' title='bbox 1124 3581 1208 3630; x_wconf 80' lang='lat' dir='ltr'><strong><em>Vellei.</em></strong></span> 
     </span>
    </p>
   </div>
   <div class='ocr_carea' id='block_1_20' title="bbox 23 3641 1208 3712">
    <p class='ocr_par' dir='ltr' id='par_1_21' title="bbox 23 3641 1208 3712">
     <span class='ocr_line' id='line_1_43' title="bbox 23 3641 1208 3712; baseline -0.001 -19"><span class='ocrx_word' id='word_1_468' title='bbox 23 3663 27 3667; x_wconf 57' lang='lat'><strong><em>⁴</em></strong></span> <span class='ocrx_word' id='word_1_469' title='bbox 111 3648 128 3693; x_wconf 92' lang='grc'><strong><em>1.</em></strong></span> <span class='ocrx_word' id='word_1_470' title='bbox 141 3652 165 3697; x_wconf 83' lang='grc'><strong><em>2.</em></strong></span> <span class='ocrx_word' id='word_1_471' title='bbox 176 3666 197 3697; x_wconf 87' lang='lat' dir='ltr'><strong><em>c.</em></strong></span> <span class='ocrx_word' id='word_1_472' title='bbox 209 3654 250 3700; x_wconf 85' lang='grc'><strong><em>66.</em></strong></span> <span class='ocrx_word' id='word_1_473' title='bbox 262 3650 275 3712; x_wconf 80' lang='lat'>§</span> <span class='ocrx_word' id='word_1_474' title='bbox 287 3654 310 3702; x_wconf 81' lang='grc'><strong><em>5,</em></strong></span> <span class='ocrx_word' id='word_1_475' title='bbox 327 3646 394 3694; x_wconf 90' lang='lat' dir='ltr'><strong><em>Dum</em></strong></span> <span class='ocrx_word' id='word_1_476' title='bbox 402 3646 448 3693; x_wconf 92' lang='lat' dir='ltr'><strong><em>hoc</em></strong></span> <span class='ocrx_word' id='word_1_477' title='bbox 458 3644 497 3691; x_wconf 87' lang='lat' dir='ltr'><strong><em>vel</em></strong></span> <span class='ocrx_word' id='word_1_478' title='bbox 507 3643 568 3690; x_wconf 82' lang='lat' dir='ltr'><strong><em>forte</em></strong></span> <span class='ocrx_word' id='word_1_479' title='bbox 578 3643 617 3691; x_wconf 86' lang='lat' dir='ltr'><strong><em>vel</em></strong></span> <span class='ocrx_word' id='word_1_480' title='bbox 628 3641 776 3705; x_wconf 80' lang='lat' dir='ltr'><strong><em>providentia</em></strong></span> <span class='ocrx_word' id='word_1_481' title='bbox 785 3641 822 3688; x_wconf 84' lang='lat' dir='ltr'><strong><em>vel</em></strong></span> <span class='ocrx_word' id='word_1_482' title='bbox 834 3643 1119 3704; x_wconf 79' lang='lat' dir='ltr'><strong><em>utcunqueconstitutum</em></strong></span> <span class='ocrx_word' id='word_1_483' title='bbox 1129 3660 1208 3694; x_wconf 86' lang='lat' dir='ltr'><strong><em>rerum</em></strong></span> 
     </span>
    </p>
   </div>
   <div class='ocr_carea' id='block_1_21' title="bbox 111 3709 546 3775">
    <p class='ocr_par' dir='ltr' id='par_1_22' title="bbox 111 3709 546 3775">
     <span class='ocr_line' id='line_1_44' title="bbox 111 3709 546 3775; baseline -0.009 -17"><span class='ocrx_word' id='word_1_484' title='bbox 111 3720 201 3760; x_wconf 83' lang='lat' dir='ltr'><strong><em>nuturae</em></strong></span> <span class='ocrx_word' id='word_1_485' title='bbox 209 3728 293 3775; x_wconf 83' lang='lat' dir='ltr'><strong><em>eorpus</em></strong></span> <span class='ocrx_word' id='word_1_486' title='bbox 303 3710 409 3759; x_wconf 78' lang='lat' dir='ltr'><strong><em>monebit</em></strong></span> <span class='ocrx_word' id='word_1_487' title='bbox 417 3709 546 3758; x_wconf 84' lang='lat' dir='ltr'><strong><em>incolume.</em></strong></span> 
     </span>
    </p>
   </div>
   <div class='ocr_carea' id='block_1_22' title="bbox 54 3915 1228 4312">
    <p class='ocr_par' dir='ltr' id='par_1_23' title="bbox 54 3915 1228 4312">
     <span class='ocr_line' id='line_1_45' title="bbox 54 3915 1207 3980; baseline -0.003 -9"><span class='ocrx_word' id='word_1_488' title='bbox 54 3942 56 3946; x_wconf 95' lang='lat'>·</span> <span class='ocrx_word' id='word_1_489' title='bbox 144 3922 292 3970; x_wconf 80' lang='lat' dir='ltr'><strong><em>¹Lombimrs</em></strong></span> <span class='ocrx_word' id='word_1_490' title='bbox 310 3923 372 3968; x_wconf 86' lang='lat' dir='ltr'><strong><em>huuc</em></strong></span> <span class='ocrx_word' id='word_1_491' title='bbox 389 3936 458 3968; x_wconf 79' lang='lat' dir='ltr'><strong><em>uuum</em></strong></span> <span class='ocrx_word' id='word_1_492' title='bbox 477 3924 502 3966; x_wconf 87' lang='lat' dir='ltr'><strong><em>et</em></strong></span> <span class='ocrx_word' id='word_1_493' title='bbox 517 3917 659 3980; x_wconf 83' lang='lat' dir='ltr'><strong><em>positionem</em></strong></span> <span class='ocrx_word' id='word_1_494' title='bbox 677 3916 799 3978; x_wconf 77' lang='lat' dir='ltr'><strong><em>particule</em></strong></span> <span class='ocrx_word' id='word_1_495' title='bbox 814 3915 871 3974; x_wconf 82' lang='lat' dir='ltr'><strong><em>sere</em></strong></span> <span class='ocrx_word' id='word_1_496' title='bbox 891 3931 939 3963; x_wconf 85' lang='lat' dir='ltr'><strong><em>non</em></strong></span> <span class='ocrx_word' id='word_1_497' title='bbox 959 3917 1017 3963; x_wconf 79' lang='lat' dir='ltr'><strong><em>satis</em></strong></span> <span class='ocrx_word' id='word_1_498' title='bbox 1038 3920 1207 3980; x_wconf 78' lang='lat' dir='ltr'><strong><em>perspexerat,</em></strong></span> 
     </span>
     <span class='ocr_line' id='line_1_46' title="bbox 110 3980 1206 4047; baseline -0.001 -14"><span class='ocrx_word' id='word_1_499' title='bbox 110 4001 183 4047; x_wconf 85' lang='lat' dir='ltr'><strong><em>quere</em></strong></span> <span class='ocrx_word' id='word_1_500' title='bbox 200 3985 231 4031; x_wconf 83' lang='lat' dir='ltr'><strong><em>ed</em></strong></span> <span class='ocrx_word' id='word_1_501' title='bbox 246 3987 309 4033; x_wconf 89' lang='lat' dir='ltr'><strong><em>hunc</em></strong></span> <span class='ocrx_word' id='word_1_502' title='bbox 324 3987 403 4034; x_wconf 87' lang='lat' dir='ltr'><strong><em>locum</em></strong></span> <span class='ocrx_word' id='word_1_503' title='bbox 414 3990 522 4032; x_wconf 86' lang='lat' dir='ltr'><strong><em>nostrum</em></strong></span> <span class='ocrx_word' id='word_1_504' title='bbox 532 3983 567 4029; x_wconf 79' lang='lat' dir='ltr'><strong><em>eie</em></strong></span> <span class='ocrx_word' id='word_1_505' title='bbox 578 3980 701 4029; x_wconf 76' lang='lat' dir='ltr'><strong><em>adscribit:</em></strong></span> <span class='ocrx_word' id='word_1_506' title='bbox 721 3980 850 4040; x_wconf 77' lang='lat' dir='ltr'><strong><em>Suspectus</em></strong></span> <span class='ocrx_word' id='word_1_507' title='bbox 861 3980 921 4028; x_wconf 80' lang='lat' dir='ltr'><strong><em>mibi</em></strong></span> <span class='ocrx_word' id='word_1_508' title='bbox 931 3982 995 4029; x_wconf 69' lang='lat' dir='ltr'><strong><em>lom</em></strong></span> <span class='ocrx_word' id='word_1_509' title='bbox 1005 3987 1052 4030; x_wconf 76' lang='lat' dir='ltr'><strong><em>est:</em></strong></span> <span class='ocrx_word' id='word_1_510' title='bbox 1070 3983 1129 4044; x_wconf 78' lang='lat' dir='ltr'><strong><em>quid</em></strong></span> <span class='ocrx_word' id='word_1_511' title='bbox 1143 3986 1206 4033; x_wconf 81' lang='lat' dir='ltr'><strong><em>enim</em></strong></span> 
     </span>
     <span class='ocr_line' id='line_1_47' title="bbox 107 4043 1228 4103; baseline -0.004 -4"><span class='ocrx_word' id='word_1_512' title='bbox 107 4051 154 4099; x_wconf 80' lang='lat' dir='ltr'><strong><em>sibi</em></strong></span> <span class='ocrx_word' id='word_1_513' title='bbox 163 4050 213 4097; x_wconf 82' lang='lat' dir='ltr'><strong><em>boee</em></strong></span> <span class='ocrx_word' id='word_1_514' title='bbox 222 4051 302 4097; x_wconf 87' lang='lat' dir='ltr'><strong><em>ooluut</em></strong></span> <span class='ocrx_word' id='word_1_515' title='bbox 310 4047 377 4098; x_wconf 71' lang='lat' dir='ltr'><strong><em>I&#39;uec</em></strong></span> <span class='ocrx_word' id='word_1_516' title='bbox 388 4050 437 4096; x_wconf 85' lang='lat' dir='ltr'><strong><em>fere</em></strong></span> <span class='ocrx_word' id='word_1_517' title='bbox 448 4061 530 4094; x_wconf 89' lang='lat' dir='ltr'><strong><em>omues</em></strong></span> <span class='ocrx_word' id='word_1_518' title='bbox 540 4045 612 4098; x_wconf 84' lang='lat' dir='ltr'><strong><em>locos,</em></strong></span> <span class='ocrx_word' id='word_1_519' title='bbox 621 4050 667 4091; x_wconf 78' lang='lat' dir='ltr'><strong><em>cet.</em></strong></span> <span class='ocrx_word' id='word_1_520' title='bbox 678 4044 758 4091; x_wconf 82' lang='lat' dir='ltr'><strong><em>malim</em></strong></span> <span class='ocrx_word' id='word_1_521' title='bbox 768 4043 802 4090; x_wconf 85' lang='lat' dir='ltr'><strong><em>sie</em></strong></span> <span class='ocrx_word' id='word_1_522' title='bbox 808 4044 866 4103; x_wconf 82' lang='lat' dir='ltr'><strong><em>legi,</em></strong></span> <span class='ocrx_word' id='word_1_523' title='bbox 878 4059 922 4090; x_wconf 87' lang='lat' dir='ltr'><strong><em>uec</em></strong></span> <span class='ocrx_word' id='word_1_524' title='bbox 932 4052 1022 4092; x_wconf 84' lang='lat' dir='ltr'><strong><em>temere</em></strong></span> <span class='ocrx_word' id='word_1_525' title='bbox 1033 4060 1118 4093; x_wconf 84' lang='lat' dir='ltr'><strong><em>omues</em></strong></span> <span class='ocrx_word' id='word_1_526' title='bbox 1129 4047 1205 4103; x_wconf 87' lang='lat' dir='ltr'><strong><em>locos,</em></strong></span> <span class='ocrx_word' id='word_1_527' title='bbox 1226 4076 1228 4081; x_wconf 86' lang='lat'><strong>.</strong></span> 
     </span>
     <span class='ocr_line' id='line_1_48' title="bbox 107 4107 1203 4174; baseline -0.002 -12"><span class='ocrx_word' id='word_1_528' title='bbox 107 4117 144 4162; x_wconf 88' lang='lat' dir='ltr'><strong><em>uel</em></strong></span> <span class='ocrx_word' id='word_1_529' title='bbox 154 4129 198 4160; x_wconf 89' lang='lat' dir='ltr'><strong><em>uec</em></strong></span> <span class='ocrx_word' id='word_1_530' title='bbox 210 4128 292 4160; x_wconf 88' lang='lat' dir='ltr'><strong><em>omnes</em></strong></span> <span class='ocrx_word' id='word_1_531' title='bbox 303 4115 369 4162; x_wconf 86' lang='lat' dir='ltr'><strong><em>locos</em></strong></span> <span class='ocrx_word' id='word_1_532' title='bbox 377 4117 454 4163; x_wconf 86' lang='lat' dir='ltr'><strong><em>deleto</em></strong></span> <span class='ocrx_word' id='word_1_533' title='bbox 465 4112 523 4158; x_wconf 83' lang='lat' dir='ltr'><strong><em>tere.</em></strong></span> <span class='ocrx_word' id='word_1_534' title='bbox 555 4107 602 4155; x_wconf 87' lang='lat' dir='ltr'><strong><em>Sed</em></strong></span> <span class='ocrx_word' id='word_1_535' title='bbox 613 4108 730 4154; x_wconf 76' lang='lat' dir='ltr'><strong><em>sententio</em></strong></span> <span class='ocrx_word' id='word_1_536' title='bbox 742 4107 864 4155; x_wconf 75' lang='lat' dir='ltr'><strong><em>Ciceronis</em></strong></span> <span class='ocrx_word' id='word_1_537' title='bbox 873 4107 944 4154; x_wconf 86' lang='lat' dir='ltr'><strong><em>facile</em></strong></span> <span class='ocrx_word' id='word_1_538' title='bbox 960 4118 1068 4172; x_wconf 77' lang='lat' dir='ltr'><strong><em>apparet,</em></strong></span> <span class='ocrx_word' id='word_1_539' title='bbox 1086 4127 1140 4174; x_wconf 83' lang='lat' dir='ltr'><strong><em>quae</em></strong></span> <span class='ocrx_word' id='word_1_540' title='bbox 1152 4113 1203 4160; x_wconf 72' lang='lat' dir='ltr'><strong><em>h‘aee</em></strong></span> 
     </span>
     <span class='ocr_line' id='line_1_49' title="bbox 107 4170 1202 4240; baseline -0.002 -17"><span class='ocrx_word' id='word_1_541' title='bbox 107 4186 159 4225; x_wconf 86' lang='lat' dir='ltr'><strong><em>eet:</em></strong></span> <span class='ocrx_word' id='word_1_542' title='bbox 183 4178 281 4224; x_wconf 78' lang='lat' dir='ltr'><strong><em>Nullum</em></strong></span> <span class='ocrx_word' id='word_1_543' title='bbox 300 4194 351 4225; x_wconf 86' lang='lat' dir='ltr'><strong><em>esse</em></strong></span> <span class='ocrx_word' id='word_1_544' title='bbox 371 4176 535 4240; x_wconf 71' lang='lat' dir='ltr'><strong><em>questionem,</em></strong></span> <span class='ocrx_word' id='word_1_545' title='bbox 551 4172 582 4218; x_wconf 86' lang='lat' dir='ltr'><strong><em>ad</em></strong></span> <span class='ocrx_word' id='word_1_546' title='bbox 605 4186 676 4240; x_wconf 82' lang='lat' dir='ltr'><strong><em>quem</em></strong></span> <span class='ocrx_word' id='word_1_547' title='bbox 697 4171 744 4220; x_wconf 87' lang='lat' dir='ltr'><strong><em>loci</em></strong></span> <span class='ocrx_word' id='word_1_548' title='bbox 767 4170 897 4219; x_wconf 75' lang='lat' dir='ltr'><strong><em>DietlectIci</em></strong></span> <span class='ocrx_word' id='word_1_549' title='bbox 913 4189 961 4219; x_wconf 87' lang='lat' dir='ltr'><strong><em>nou</em></strong></span> <span class='ocrx_word' id='word_1_550' title='bbox 979 4184 1069 4236; x_wconf 80' lang='lat' dir='ltr'><strong><em>queunt</em></strong></span> <span class='ocrx_word' id='word_1_551' title='bbox 1085 4176 1202 4231; x_wconf 77' lang='lat' dir='ltr'><strong><em>adhiberi,</em></strong></span> 
     </span>
     <span class='ocr_line' id='line_1_50' title="bbox 107 4234 1202 4312; baseline -0.004 -21"><span class='ocrx_word' id='word_1_552' title='bbox 107 4243 246 4306; x_wconf 84' lang='lat' dir='ltr'><strong><em>plerumque</em></strong></span> <span class='ocrx_word' id='word_1_553' title='bbox 266 4250 345 4290; x_wconf 83' lang='lat' dir='ltr'><strong><em>tomen</em></strong></span> <span class='ocrx_word' id='word_1_554' title='bbox 365 4242 426 4298; x_wconf 85' lang='lat' dir='ltr'><strong><em>fieri,</em></strong></span> <span class='ocrx_word' id='word_1_555' title='bbox 443 4244 533 4286; x_wconf 84' lang='lat' dir='ltr'><strong><em>utnon</em></strong></span> <span class='ocrx_word' id='word_1_556' title='bbox 551 4250 632 4312; x_wconf 76' lang='lat' dir='ltr'><strong><em>pmnes</em></strong></span> <span class='ocrx_word' id='word_1_557' title='bbox 648 4234 696 4282; x_wconf 85' lang='lat' dir='ltr'><strong><em>loei</em></strong></span> <span class='ocrx_word' id='word_1_558' title='bbox 716 4235 746 4284; x_wconf 82' lang='lat' dir='ltr'><strong><em>od</em></strong></span> <span class='ocrx_word' id='word_1_559' title='bbox 764 4249 846 4283; x_wconf 83' lang='lat' dir='ltr'><strong><em>omues</em></strong></span> <span class='ocrx_word' id='word_1_560' title='bbox 862 4238 1005 4298; x_wconf 67' lang='lat' dir='ltr'><strong><em>questiones</em></strong></span> <span class='ocrx_word' id='word_1_561' title='bbox 1026 4240 1202 4289; x_wconf 77' lang='lat' dir='ltr'><strong><em>accommodari</em></strong></span> 
     </span>
    </p>
   </div>
   <div class='ocr_carea' id='block_1_23' title="bbox 106 4315 204 4368">
    <p class='ocr_par' dir='ltr' id='par_1_24' title="bbox 106 4315 204 4368">
     <span class='ocr_line' id='line_1_51' title="bbox 106 4315 204 4368; baseline 0.041 -14"><span class='ocrx_word' id='word_1_562' title='bbox 106 4315 204 4368; x_wconf 81' lang='lat' dir='ltr'><strong><em>queunt.</em></strong></span> 
     </span>
    </p>
   </div>
   <div class='ocr_carea' id='block_1_24' title="bbox 0 0 1340 4636">
    <p class='ocr_par' dir='ltr' id='par_1_25' title="bbox 0 0 1340 4636">
     <span class='ocr_line' id='line_1_52' title="bbox 0 0 1340 4636; baseline 0 6"><span class='ocrx_word' id='word_1_563' title='bbox 0 0 1340 4636; x_wconf 95' lang='lat' dir='ltr'><strong><em> </em></strong></span> 
     </span>
    </p>
   </div>
  </div>
 </body>
</html>
