2670 4636
183 235 241 294 120
501 227 672 288 uenatu
701 224 942 286 TURSELLlNl
984 244 992 255 ·
1103 231 1276 307 [suranna

611 411 671 477 §IL
685 416 708 462 1.
722 412 840 462 litiarnae.

213 493 327 544 Etiamne
337 505 390 540 cum
405 489 555 540 admirationi
564 490 645 547 servit,
656 499 708 540 tum
718 489 792 539 etiam
802 487 990 554 amplificationi.
1023 490 1107 540 Plartt.
1117 491 1241 556 Amphitr.
1252 495 1277 541 2·

181 558 206 610 2.
224 558 330 606 Obsecro
339 564 373 611 te,
383 555 487 603 etiamne
497 556 543 603 hoc
553 555 662 617 negabis,
678 563 704 603 te
714 569 811 603 auream
821 561 929 618 pateram
938 553 998 601 milri
1008 554 1118 602 dedisse?

127 615 132 625 '
217 622 269 672 Cic.
286 621 304 670 l.
322 623 362 670 16.
377 618 433 668 aa.
449 634 486 682 ep.
502 623 542 669 1s.
564 619 673 666 Etiamne
695 619 785 666 Balbus
801 619 827 665 in
845 617 958 666 Senatum
974 617 1057 666 venire
1073 618 1182 680 cogitet?
1201 617 1240 668 ld.
1260 618 1276 667 2

186 685 256 736 Varr.
272 700 294 732 c.
313 685 355 732 116.
372 682 463 741 Quodsi
477 684 530 731 hmc
547 683 655 730 feruntur
671 681 767 730 omnia:
788 681 887 730 sivobis
902 681 982 744 potius
995 697 1024 730 ac
1039 683 1132 744 populo
1153 681 1276 739 Romano,

182 760 254 812 qnam
264 747 310 795 sibi
320 754 346 795 et
355 747 406 794 suis
416 745 555 802 commodis,
571 760 652 808 opere,
665 752 754 802 sumtu,
766 742 847 794 labore
861 743 998 793 deseviunt
1009 761 1015 791 :
1031 745 1137 795 etiamne
1147 747 1202 795 bmc
1213 756 1275 795 nora

182 811 273 860 debent
287 810 366 858 edicta
380 810 522 874 rapinasque
540 809 663 873 perferre?
682 809 788 857 etiamne
805 809 949 856 frumentum
964 823 1008 871 pro
1026 817 1092 857 emto
1109 810 1185 872 gratis
1203 807 1277 858 dare?

181 876 285 923 etiamne
303 874 330 921 in
347 875 444 929 cellam,
459 889 513 922 cum
532 873 639 937 cupiunt,
658 874 731 936 gratis
753 873 810 920 dare
830 873 901 927 ultro,
923 873 1050 935 pecuniam
1068 873 1185 936 grandem
1203 872 1277 922 dare?

180 940 286 987 etiamne
302 939 355 986 hmc
370 945 408 985 tot
421 938 564 985 detrimenta
580 944 652 1000 atque
670 938 757 984 damna
772 951 827 984 cum
842 935 951 984 maximis
966 935 1059 1000 injuriis
1075 937 1276 1000 conmmeliisqne

40 1059 46 1074 .
83 1011 86 1014 ⁴
182 1002 301 1113 pprierre?
326 1001 496 1050 [dardania.
514 1017 536 1049 c.
547 1005 588 1050 11.
605 1001 715 1049 Blossius
725 1001 797 1055 hauc,
814 1009 843 1046 ut
852 1000 899 1048 sibi
907 999 1064 1062 ignoscerem,
1076 1015 1175 1049 canam
1191 1001 1276 1050 affere·

213 1073 232 1122 t,
245 1066 309 1130 quod
326 1063 386 1113 tanti
404 1064 544 1113 Gracchum
557 1064 663 1118 iecisset,
679 1072 713 1119 nt,
724 1063 839 1126 quicquid
854 1063 898 1110 ille
915 1063 998 1118 vellet,
1016 1063 1062 1112 sibi
1076 1063 1217 1113 iaciendum
1233 1080 1278 1128 pa·

182 1136 253 1179 taret.
279 1129 341 1177 Tum
351 1145 409 1193 ego:
432 1129 545 1185 etiamne,
557 1127 663 1192 inquam,
676 1129 733 1175 site
743 1127 768 1174 in
780 1127 927 1190 Capitolium
937 1127 1002 1177 iaces
1012 1129 1075 1177 ferre
1087 1128 1178 1177 reflat?

519 1238 531 1264 ‘
543 1244 567 1290 2.
581 1239 692 1289 Etimaar
702 1239 776 1287 servit
786 1238 945 1304 Μποφορᾷ.

218 1321 324 1378 Quintil.
342 1320 360 1368 l.
381 1325 406 1369 4.
426 1334 448 1367 c.
470 1324 494 1368 1.
511 1318 604 1366 Demus
622 1320 730 1382 aliqnas;
749 1317 855 1365 etiamne
869 1316 1049 1380 potentissimas
1068 1331 1162 1374 onmes,
1183 1317 1210 1366 id
1232 1325 1280 1371 est,

135 1405 137 1408 ⁴
182 1392 257 1434 totam
267 1399 371 1433 cauam.
391 1384 455 1432 Ptin.
471 1383 488 1431 l.
500 1387 540 1433 66.
558 1398 579 1430 c.
594 1387 619 1431 2.
636 1381 729 1430 Verum
744 1389 805 1437 esto,
820 1381 964 1429 indulserint
980 1381 1084 1445 publicis
1097 1381 1279 1446 voluptatibus:

181 1450 287 1499 etiamne
298 1447 657 1496 tacueruntmaximasearumi
729 1459 734 1475 ¹

217 1547 231 1608 §
242 1541 293 1591 111.
311 1547 335 1592 1.
348 1543 495 1597 Etiamnum,
512 1540 585 1590 etiarn
595 1555 656 1590 nunc
667 1555 710 1604 pro
720 1541 806 1597 adbuc,
822 1540 885 1602 quod
897 1539 987 1588 barbari
998 1539 1083 1588 dicunt
1091 1555 1164 1604 usqae
1173 1555 1246 1593 arne.

218 1624 356 1672 Etiamsaoa
372 1621 424 1669 a'sra
441 1621 585 1670 etiamnunc
601 1635 643 1682 pro
659 1619 736 1669 adbuc
750 1620 858 1682 usurpari
878 1619 948 1668 solet.
965 1621 1093 1682 Pompeiae
1108 1620 1127 1668 1.
1137 1623 1162 1670 6.
1174 1621 1231 1671 atr.
1241 1637 1279 1686 ap·

184 1692 226 1738 211.
244 1686 285 1735 Da
295 1699 400 1750 operam,
413 1685 433 1731 ai
444 1685 494 1732 ulla
503 1683 596 1732 maone
613 1683 750 1732 etiamnunc
761 1682 854 1731 efficere
870 1691 949 1746 potes,
960 1691 988 1730 ut
997 1689 1023 1730 te
1033 1685 1150 1746 explices.
1184 1685 1225 1735 Ia
1233 1701 1279 1748 pra

110 1761 115 1771 '
185 1753 257 1801 Rasa.
269 1750 325 1799 Ana.
336 1766 359 1797 c.
374 1753 415 1798 62.
426 1747 452 1794 Si
462 1747 564 1811 pristina
575 1747 668 1794 bonitas
678 1754 704 1794 et
713 1746 875 1796 misericordia
890 1754 994 1802 manent,
1004 1747 1063 1794 salvi
1074 1747 1212 1796 etiamnunc
1222 1764 1279 1798 esse

184 1828 318 1879 possumus.
342 1814 380 1861 Id.
392 1812 424 1861 ib.
435 1827 457 1859 c.
474 1815 513 1859 61.
534 1810 656 1868 Quaritur
671 1809 818 1867 etiamnunc,
833 1811 887 1873 quis
903 1827 959 1859 eum
973 1811 1089 1859 nuncium
1103 1812 1205 1859 miserit.
1222 1813 1280 1861 -Id.

183 1894 228 1941 pra
240 1879 336 1926 Muren.
347 1891 370 1923 c.
383 1879 422 1923 12.
439 1874 505 1922 lllud
514 1875 573 1921 mihi
590 1874 676 1921 mirum
690 1874 767 1921 videri
776 1874 847 1938 solet,
864 1881 901 1921 tot
912 1875 1020 1922 homines
1028 1882 1077 1922 tam
1087 1875 1224 1937 ingeniosos
1236 1891 1281 1940 per

184 1949 223 1989 tat
237 1955 311 1987 annos
319 1940 457 1987 etiamnunc
472 1945 575 1985 statuere
585 1952 633 1985 non
643 1936 758 2000 potuisse.
778 1940 847 1986 daron
856 1943 880 1986 to
891 1939 940 1987 tna
948 1953 1005 2001 very
1016 1939 1084 1987 baur.
1111 1941 1167 1988 l'er.
1178 1941 1245 1988 Ean.
1255 1943 1280 1988 2.

186 2010 210 2054 t.
227 2004 369 2051 Etiamnunc
380 2002 420 2050 hic
431 2009 488 2057 atas,
503 2000 639 2049 Parmeno?
655 2015 697 2050 arr
712 2015 758 2064 you
773 2002 890 2063 standing
908 2003 963 2051 here
976 2007 1034 2066 patr
1060 2000 1151 2051 'Adi
1162 2004 1203 2052 Id.
1214 2005 1281 2053 Ena.

186 2073 211 2118 1.
220 2071 245 2117 4.

218 2163 234 2193 *
245 2167 270 2212 2.
282 2163 427 2222 Etiamnunc
441 2160 481 2207 vel
497 2160 625 2210 etiamnum
641 2175 684 2222 pro
703 2164 838 2221 preterea:
857 2161 964 2220 sartlrer,
983 2161 1088 2219 basidem
1109 2162 1248 2222 caleficare

427 2225 488 2280 still,
498 2229 554 2287 yct,·
572 2225 646 2271 rarius
657 2224 729 2271 estin
741 2225 837 2288 scriptis
846 2240 924 2273 aureae
935 2226 1022 2274 etatis.

221 2320 285 2368 Cala.
293 2319 311 2364 l.
321 2322 346 2366 a.
356 2331 378 2364 c.
392 2320 434 2365 26.
445 2314 491 2363 llis
503 2315 612 2377 cognitis,
622 2315 695 2362 etiam
705 2329 769 2363 nunc
782 2316 891 2377 quedam
901 2316 949 2364 alia
957 2316 1080 2364 noscenda
1088 2324 1145 2364 mant
1156 2319 1189 2366 ad
1199 2319 1282 2368 omnia

185 2383 284 2430 vulnera
301 2381 453 2445 pertinentia.
484 2378 567 2430 Senrc.
585 2388 622 2442 ep.
639 2382 695 2428 11³.
709 2394 733 2440 p.
753 2383 811 2427 6011.
827 2379 851 2428 Si
868 2382 913 2428 has
931 2395 1025 2444 qnoque
1041 2382 1282 2431 corrotundaverint:

185 2447 315 2496 etiamnum
325 2444 483 2506 interrogabo,
493 2457 525 2490 an
534 2441 640 2506 prudens
655 2442 784 2490 ambulatis
795 2443 882 2491 animal
900 2445 941 2498 sit,
957 2459 1042 2492 neone.
1056 2446 1120 2494 Cels.
1138 2446 1154 2494 l.
1167 2453 1192 2495 5.
1203 2463 1227 2495 c.
1239 2451 1281 2497 19.

184 2519 247 2557 extr.
258 2517 284 2556 et
294 2509 311 2556 1.
323 2515 347 2557 ὅ.
358 2524 380 2556 c.
392 2513 432 2556 26.
443 2509 469 2555 Si
480 2507 557 2554 carnis
573 2508 628 2569 plue
645 2506 768 2569 ast,¹quod
779 2508 830 2555 tolli
846 2523 907 2571 opus
922 2514 967 2563 est,
977 2508 1112 2556 adhibenda
1122 2517 1180 2557 sunt
1194 2511 1281 2559 etiam·

186 2589 243 2621 num
264 2573 450 2627 vehementiora,
467 2586 519 2633 quae
538 2585 624 2635 corpus
640 2571 752 2619 exedant.
794 2571 834 2621 Id.
848 2573 900 2620 to.
917 2575 992 2620 nid.
1009 2574 1038 2621 de
1053 2573 1162 2636 impetig.
1196 2573 1282 2623 Tertia

184 2636 421 2749 renutu
431 2634 535 2749 itur
546 2635 681 2747 11111
689 2635 989 2762 trimetrum
1019 2635 1283 2753 1111111211·

198 2717 309 2750 lecu·
379 2733 386 2748 ο
466 2733 472 2746 Ι
536 2712 552 2746 'b
644 2731 781 2745 ¹00U1
862 2732 868 2745 Ι
940 2715 1009 2749 ⁶080
1069 2715 1152 2757 0¹⁸,e
1203 2734 1210 2748 Ι
1273 2737 1281 2752 0

186 2767 251 2815 etde
261 2765 347 2824 lienes.
357 2765 375 2812 l.
387 2769 412 2813 5.
423 2765 556 2812 aeetltl.
803 2787 804 2790 =
983 2715 1000 2764 p
1173 2716 1202 2765 φ

221 2830 237 2872 ἢ
248 2833 272 2879 t.
283 2828 401 2892 Exempla
409 2827 494 2875 ultima
499 2825 594 2881 docent,
602 2827 731 2876 etiamnum
737 2841 792 2873 cum
798 2825 956 2888 comparativo
966 2825 1023 2889 poni
1032 2841 1077 2890 pro
1086 2825 1191 2890 simplici
1198 2829 1282 2879 etiarm

187 2890 268 2943 Sanco.
279 2907 315 2955 ep.
326 2895 368 2940 61.
384 2891 520 2938 Etiamnum
535 2890 615 2938 lacere
632 2886 659 2937 id
678 2888 773 2951 planius
791 2889 855 2938 volo.
873 2890 926 2938 still
940 2891 1042 2952 plaiaer.
1070 2891 1109 2940 ld.
1123 2892 1279 2956 paulopost:

187 2955 258 3005 Hanc
275 2955 485 3018 interrogationem
506 2954 582 3016 magis
603 2953 733 3001 etiamnum
753 2954 801 3000 boc
818 2953 889 3001 modo
908 2953 1019 3003 intendit.
1054 2956 1118 3004 Cela.
1133 2956 1150 3003 l.
1162 2959 1187 3004 t.
1204 2960 1281 3007 aad.

187 3020 253 3083 §aa
270 3019 416 3067 Adhibenda
434 3024 490 3065 suut
507 3016 639 3064 etiamnum
653 3017 839 3064 vehementiora.

328 3127 342 3189 §
353 3125 400 3173 1v.
410 3125 495 3174 Etiam
505 3129 555 3173 tant
566 3138 611 3190 pro
620 3123 769 3180 etiamtunc,
780 3123 832 3170 sire
842 3131 870 3171 ut
884 3124 977 3172 barbari
990 3139 1063 3188 usqae
1072 3131 1139 3176 tanc.

220 3205 304 3254 Etiam
318 3208 370 3252 tum
381 3218 423 3266 pro
435 3204 509 3252 etiam
528 3207 585 3250 tanc
595 3201 643 3249 dici
660 3203 730 3249 solet.
756 3202 852 3251 Terent.
865 3203 957 3266 Hecyr.
969 3209 992 3253 l.
1002 3209 1027 3254 2.
1041 3205 1086 3253 Me
1096 3204 1192 3255 seducit
1207 3207 1282 3267 iuras,

185 3275 319 3330 narratque,
332 3274 358 3313 ut
368 3267 434 3328 virgo
449 3267 516 3313 abae
535 3266 626 3327 integra
637 3265 708 3311 ctiam
723 3271 775 3311 tum
788 3265 843 3313 siet.
862 3272 887 3314 to
905 3269 960 3316 tltut
972 3283 1030 3332 orry
1048 3270 1115 3318 bour.
1149 3271 1203 3320 Cic.
1219 3272 1239 3319 l.
1256 3276 1281 3322 2.

186 3336 216 3382 dr
229 3333 299 3380 Orat.
311 3347 333 3378 c.
344 3333 368 3378 6.
379 3331 446 3376 Hora
453 3330 504 3377 iere
517 3329 631 3391 secunda,
641 3343 694 3375 curn
712 3328 784 3375 etiam
794 3335 846 3376 tum
856 3330 882 3376 in
900 3329 961 3378 lecto
979 3331 1080 3380 Crassus
1095 3342 1170 3390 esset,
1181 3341 1282 3397 repente

183 3410 215 3444 eo
227 3395 328 3443 Catulus
338 3408 391 3441 curu
402 3391 467 3440 Jnlio
475 3393 550 3438 venit.
567 3393 607 3440 Id.
614 3392 647 3440 ib.
658 3407 681 3439 c.
692 3395 733 3440 22.
743 3391 871 3440 Consecuti
880 3402 936 3441 sunt
945 3396 990 3442 hos
1000 3395 1096 3452 Critias,
1105 3397 1281 3457 Theramenes,

184 3460 278 3524 Lysias.
306 3457 396 3506 Omnes
416 3457 538 3504 etiamtum
560 3455 696 3502 retinebant
714 3454 784 3502 illum
805 3455 906 3506 Periclis
928 3472 1033 3514 succum,
1053 3462 1096 3508 sed
1117 3467 1187 3509 erant
1206 3465 1282 3525 paulo

184 3524 295 3572 uberiore
305 3521 355 3570 iilo.
382 3522 421 3571 Id.
438 3524 454 3568 2
476 3520 543 3569 Vm.
555 3535 576 3566 c.
593 3521 633 3569 116.
646 3519 754 3568 Veniunt
764 3521 794 3567 ad
804 3519 875 3569 istum
888 3522 981 3585 nuntii,
996 3539 1049 3571 curn
1059 3523 1102 3571 isti
1114 3526 1238 3574 etiamtum
1249 3530 1282 3576 de

184 3588 286 3636 Sthenio
298 3585 390 3648 integra
400 3591 450 3631 tota
462 3590 578 3631 recesset
589 3584 656 3632 wira
667 3584 696 3633 lta
707 3598 756 3632 aras
765 3589 806 3647 yet
814 3584 866 3634 able
876 3589 901 3633 to
911 3588 941 3634 do
951 3587 1014 3636 solat
1025 3589 1054 3637 be
1063 3590 1192 3652 plaasedln
1199 3589 1288 3651 labsis
1330 3640 1334 3647 ,

221 3649 348 3702 Sthenius..
795 3659 797 3666 '
1096 3662 1102 3667 ·

185 3653 233 3747 ff*
245 3717 293 3763 Pro
304 3713 428 3762 etiamtum
441 3711 539 3760 Tacitus
549 3711 618 3773 ponit
633 3716 684 3760 tam
699 3711 771 3760 ctiam
781 3711 797 3758 l.
814 3716 838 3760 6.
848 3712 915 3763 Ana.
926 3729 948 3760 c.
957 3717 997 3762 ol.
1008 3716 1053 3779 12.
1075 3715 1178 3779 Ephesii
1188 3730 1281 3765 memo·

182 3789 375 3833 mannassen
393 3777 467 3822 udse
488 3774 631 3823 Cenchrium
647 3781 748 3831 amnem,
766 3774 843 3822 lucum
866 3776 1000 3840 Ortygiam,
1020 3779 1060 3827 nbi
1077 3779 1193 3828 latonam
1208 3791 1282 3844 partu

184 3844 314 3905 gravidam,
326 3853 351 3890 et
361 3788 430 3897 oica,
445 3853 498 3902 quae
513 3845 565 3885 tum
582 3838 653 3885 enam
669 3843 774 3894 maneat,
786 3838 905 3895 adnisam,
918 3840 1023 3890 edidisse
1034 3856 1065 3890 ea
1073 3843 1181 3893 numina.

499 3951 514 4012 e
525 3949 557 3997 V.
568 3952 591 3996 1.
602 3948 709 3998 Etiamsi
715 3949 823 3997 absolute
834 3967 842 4011 ;
863 3953 957 4022 avenis.

217 4027 323 4079 Etiamsi
332 4030 383 4078 vim
401 4025 475 4078 habet
490 4044 521 4076 au
552 4026 605 4090 ndi,
621 4026 688 4090 (cum
703 4029 880 4093 conjunctivo.)
903 4031 955 4080 cta.
970 4032 1089 4084 mama.
1101 4039 1174 4088 0027.
1191 4037 1283 4089 Omnia

184 4092 267 4144 brevia
283 4089 417 4140 tolerabilia
434 4103 486 4141 ease
501 4091 531 4140 de
564 4098 600 4147 ut,
615 4088 709 4139 etiamsi
720 4093 823 4140 maxima
839 4089 895 4141 sint.
911 4095 986 4156 oagltt
1001 4102 1025 4145 ta
1043 4099 1070 4148 be
1085 4101 1206 4158 tolerabis,
1220 4119 1282 4154 eota

170 4152 391 4270 θιελῖιιῗξὲἳεζαέι
401 4172 428 4207 aa
438 4161 511 4221 meat
524 4170 553 4206 aa
563 4155 619 4218 tlara
629 4169 674 4204 aaa
684 4155 719 4204 br.
744 4152 756 4180 '
767 4150 807 4206 Id.
816 4157 845 4208 da
856 4157 951 4208 Staret.
961 4175 983 4209 c.
994 4160 1036 4212 22.
1054 4170 1080 4211 et
1087 4179 1133 4228 pra
1147 4164 1205 4217 Mil.
1215 4183 1238 4216 a.
1256 4171 1282 4216 a.
