2670 4636
110 267 312 343 emaum]
385 294 393 306 »
483 260 538 319 ns
571 236 812 320 aramenus
833 271 890 324 ae.
1158 271 1216 329 mo

108 417 169 478 quia
178 415 280 479 palmes,
291 411 355 475 quod
367 416 435 458 extra
446 409 570 472 ligaturam
585 407 695 471 pendens
706 409 824 464 habuerit,
836 408 941 458 lructum
956 397 1040 461 indu'et
1050 430 1058 474 ;
1069 411 1132 478 quod
1152 415 1216 464 inira

108 481 249 544 ligaturam,
264 477 371 527 materiae
388 475 511 539 sequentis
526 472 583 534 anni
597 473 730 553 deputabit.

484 589 498 618 “
511 574 534 638 3.
545 589 628 637 Extra
637 586 664 635 in
674 587 839 636 translatione.

522 685 536 714 “
550 686 632 733 Extra
643 683 673 730 de
684 691 800 747 tempore.

144 751 559 830 Extmrarodotemporedicitur.
577 764 892 816 Saeuamctauocma.
911 765 1212 832 ClaudiusjusetConsul
1247 752 1251 759 ’
1322 829 1327 838 Ι

112 842 139 886 at
147 843 219 884 extra
229 834 344 883 honorem
355 831 540 882 laboriosissime
551 828 622 878 dixit.
632 830 651 878 i.
661 846 681 878 e.
693 844 747 877 cum
758 830 858 879 honores
868 845 918 879 non
928 841 1031 894 gereret.

443 948 468 994 4.
481 945 562 993 Extra
572 943 686 990 translate
697 941 728 991 de
738 942 791 990 aliis
801 944 881 992 rebus.

145 1027 194 1076 Illa
209 1027 333 1075 translata.
364 1026 415 1075 Cic.
426 1027 455 1074 de
469 1025 543 1074 Unio.
566 1023 597 1071 Se
615 1030 681 1071 extra
692 1039 788 1072 omnem
804 1025 899 1088 culpam
910 1028 1041 1079 escausam
1052 1026 1143 1088 posuit.
1177 1027 1216 1076 Id.

110 1107 157 1156 pro
205 1094 231 1141 ll.
242 1107 265 1140 c.
277 1096 318 1140 13.
338 1089 431 1138 Eadem
439 1089 477 1136 vis
493 1089 563 1152 hujus
574 1089 708 1150 negationis
723 1095 769 1146 eat,
784 1103 813 1136 ac
828 1090 850 1136 si
864 1098 933 1138 extra
948 1090 1138 1155 conjurationem
1153 1091 1217 1138 hanc

114 1171 169 1204 esse
200 1156 292 1203 ‘risset
325 1157 364 1205 ld.
376 1155 394 1202 l.
408 1160 431 1202 1.
441 1156 470 1202 de
483 1153 535 1217 Off.
547 1169 570 1200 c.
582 1157 623 1202 39.
638 1150 691 1199 ¹Illo
707 1162 777 1201 extra
792 1153 888 1201 modum
904 1163 984 1203 sumtu
1000 1166 1026 1204 et
1041 1155 1218 1218 magnificentia

112 1220 226 1283 prodeas.
246 1221 299 1269 ttot
318 1235 364 1284 you
378 1221 409 1268 do
427 1223 468 1267 not
484 1233 518 1279 go
536 1217 625 1292 beyond
642 1218 767 1266 donadeis
783 1221 963 1280 expensiaeaeea
973 1224 1021 1269 aad
1038 1219 1216 1282 magnificatae.

113 1286 153 1335 Id.
162 1287 180 1332 l.
188 1289 214 1333 7.
224 1285 295 1334 Fam.
307 1299 343 1346 ep.
356 1288 394 1333 16.
410 1282 460 1329 Sed
478 1289 547 1328 extra
559 1296 641 1344 Jocnm
657 1283 729 1329 homo
739 1281 817 1328 bellus
829 1283 971 1346 esajotiag
980 1290 1059 1348 oport,
1070 1287 1099 1332 lse
1110 1286 1132 1332 it
1142 1285 1216 1347 ofine

104 1350 200 1409 sellom.
218 1350 258 1397 Id.
266 1364 311 1412 pro
319 1348 402 1408 Deiot.
419 1347 493 1395 Extra
503 1345 610 1394 ordinem
619 1347 711 1393 bellum
721 1360 777 1392 com
787 1347 932 1395 Mithridate
941 1349 1098 1411 Tigraneque.
1110 1354 1218 1396 extraor-

112 1414 211 1477 atnam.
229 1415 268 1463 Id.
278 1414 305 1462 in
317 1414 380 1461 Coee.
391 1429 413 1460 o.
426 1417 466 1461 12.
497 1411 538 1458 De
549 1418 583 1467 te,
595 1411 688 1464 Caecili,
701 1411 751 1474 jam
767 1413 813 1458 hoc
824 1421 892 1460 extra
903 1414 964 1461 hanc
975 1414 1153 1462 contentionem
1165 1428 1216 1460 cer·

111 1485 243 1541 tamenque
254 1484 366 1526 nostrum
375 1472 524 1525 familiariter
539 1483 619 1524 tecum
628 1475 720 1538 loquar.

526 1578 551 1620 5.
562 1573 645 1621 Extra
656 1587 699 1636 pro
707 1578 806 1634 preter.

149 1653 209 1702 Non
218 1668 273 1702 raro
283 1659 411 1716 usurpatur
417 1666 464 1714 pro
473 1658 571 1714 preter.
602 1652 654 1700 Cic.
664 1652 681 1699 l.
693 1654 717 1699 2.
729 1653 759 1700 de
769 1653 831 1713 Lag.
843 1670 865 1701 c.
878 1657 917 1702 12.
929 1653 964 1701 lta
977 1666 1030 1715 quaa
1047 1661 1160 1716 suspecta
1174 1668 1218 1714 pu·

116 1719 181 1767 blice
190 1726 257 1774 sunt,
264 1733 334 1766 nemo
341 1723 410 1764 extra
416 1716 545 1778 collegium
553 1716 629 1763 novit.
639 1731 698 1764 none
708 1717 869 1765 butmembera
876 1718 905 1775 of
913 1718 1098 1780 tltesratemity.
1117 1719 1156 1768 Id.
1165 1719 1183 1764 1.
1193 1723 1219 1766 t.

117 1784 189 1834 Fam.
199 1799 237 1846 ep.
246 1786 271 1831 3.
288 1782 364 1829 Extra
378 1781 464 1828 ducem
475 1795 610 1843 paucosque
620 1788 745 1844 praeterea.
767 1781 806 1829 tlte
817 1784 917 1842 general
935 1785 984 1830 oud
1000 1783 1072 1839 ofew
1088 1783 1167 1831 othere
1177 1797 1219 1829 ex-

115 1849 208 1909 cepted.
243 1842 283 1894 ld.
322 1847 450 1895 oDmmc.
461 1848 502 1894 41.
525 1843 593 1892 Civis
610 1852 649 1892 est
658 1858 729 1893 nemo
741 1845 766 1890 in
775 1846 944 1909 tanto‘popnlo
955 1854 1023 1894 extra
1034 1847 1219 1894 contaminatam
1299 1893 1301 1896 ⁴

116 1911 185 2023 illlam
191 1861 487 2026 §affloaXerppumsspui
496 1923 547 1956 rom
556 1909 630 1957 ullam
641 1909 672 1957 de
682 1908 744 1956 moia
754 1909 824 1957 bonis
834 1910 949 1974 attigerit.
984 1910 995 1934 ⁸
1009 1913 1104 1960 Terent.
1116 1912 1216 1959 Ptorm.

135 1981 180 2026 ,2.
246 1981 297 2024 atat.
325 1976 417 2024 .ui.c.
461 2007 467 2021 .

365 2087 377 2111 ⁹
387 2091 413 2136 6.
424 2082 507 2136 Extra
517 2087 547 2133 de
557 2095 633 2143 motu,
644 2086 669 2134 in
679 2086 854 2150 significatione
864 2088 969 2151 propria.

151 2169 235 2218 Extra
253 2169 403 2234 conjungitur
418 2165 490 2214 etiam
510 2181 563 2213 cum
579 2165 656 2214 verbis
670 2174 763 2213 motum
772 2166 971 2229 significantibua.
1011 2168 1063 2216 Cic.
1072 2183 1115 2232 pro
1133 2159 1219 2225 oetas.

116 2250 144 2344 pt
153 2233 296 2346 poolclxtlrp'
303 2230 477 2345 Remum
487 2230 569 2293 egredi
580 2230 690 2279 conabor.
724 2230 780 2279 me.
791 2232 815 2278 l.
826 2235 866 2280 38.
881 2247 903 2279 c.
915 2237 940 2280 8.
962 2233 1086 2282 Columelt.
1097 2233 1113 2280 l.
1125 2239 1150 2282 6.
1161 2249 1183 2281 c.
1195 2235 1220 2281 2.
1230 2315 1234 2324 ¹

233 2406 235 2418 ⁴
275 2393 327 2460 ft.
337 2394 420 2442 Extra
425 2409 434 2450 ;
448 2374 517 2452 :from
525 2394 635 2449 without,
647 2394 796 2461 euttcrtmlly,¹
817 2394 928 2456 pessimae
943 2401 1007 2442 notae
1018 2403 1065 2460 est.

152 2472 243 2524 Boetlt.
256 2475 376 2523 Comolot.
394 2474 411 2520 l.
427 2477 452 2523 2.
461 2489 525 2536 praa.
536 2470 735 2536 teouidigimr,
752 2474 899 2531 omortales,
913 2481 979 2522 extra
996 2475 1080 2538 petitia
1096 2477 1159 2525 intra
1177 2487 1220 2521 vos
1293 2485 1294 2488 ’

129 2539 234 2603 positam
244 2538 401 2588 felicitatem?

448 2732 450 2735 .
531 2683 644 2733 CAPUT
678 2682 807 2732 LXXXII.

469 2792 518 2851 De
535 2784 659 2849 Nomine
675 2789 874 2848 Exrsaamns.

154 2905 178 2950 1.
195 2898 341 2949 harnam
358 2902 499 2950 contrariom
517 2902 592 2948 habet
606 2899 707 2965 primam,
723 2900 763 2946 vel
782 2901 867 2949 iaicas.
887 2891 939 2949 Cic.
951 2903 969 2948 l.
986 2905 1025 2949 10.
1038 2901 1108 2950 Fam.
1126 2915 1162 2962 ep.
1180 2905 1219 2950 14.

120 2965 223 3014 Batnon
236 2966 314 3014 minue
325 2975 418 3029 grauun
428 2975 535 3014 extrema
552 2964 640 3020 delere,
657 2980 729 3028 quam
745 2963 822 3026 prima
839 2965 969 3029 depellere.
1003 2966 1042 3014 Id.
1058 2967 1074 3012 l.
1086 2970 1110 3014 3.
1126 2968 1155 3013 de
1168 2964 1220 3028 Off.

119 3047 142 3078 c.
154 3035 180 3080 6.
192 3031 285 3080 Verum
304 3028 384 3078 autem
399 3031 515 3093 primnm5
531 3045 615 3077 verum
625 3029 699 3092 igitur
716 3037 741 3076 et
751 3037 891 3077 extremum.
920 3032 959 3078 ld.
968 3045 1013 3093 pro
1029 3032 1076 3092 leg.
1092 3030 1181 3078 Muatl.
1197 3045 1220 3077 c.

120 3099 161 3144 12.
178 3095 283 3143 Tantum
303 3095 394 3142 bellum
413 3094 460 3142 Cn.
476 3094 608 3158 Pompeius
623 3103 731 3142 extrema
748 3094 825 3142 hieme
837 3095 970 3158 apparavit,
987 3095 1084 3142 ineunte
1104 3108 1160 3141 vere
1182 3109 1222 3142 su·

71 3164 74 3169 ’
120 3160 210 3224 acepit,
223 3159 304 3208 media
313 3168 399 3208 estate
409 3159 521 3208 conlecit.

235 3246 239 3250 ⁴
281 3257 488 3314 '2.Retremaa;
505 3257 645 3312 ottleead,
658 3251 812 3306 tomordatlae
822 3258 876 3311 aad,
893 3263 921 3305 ot
937 3257 978 3306 me
993 3258 1063 3307 close.
1140 3266 1151 3274 ”
1194 3226 1196 3228 ³

134 3344 196 3408 (ceu
206 3344 349 3409 adjectivum
361 3345 495 3408 elegantius
506 3345 696 3393 accommodatur
705 3345 863 3400 substantivo,
875 3360 946 3407 quam
957 3345 1082 3408 separatim
1095 3346 1205 3408 dicitur.)

153 3424 288 3474 Extrartus
299 3439 363 3488 saepe
375 3433 413 3472 est
422 3426 562 3490 autfinera;
574 3426 793 3481 tamentationem
805 3431 831 3474 at
844 3425 884 3474 tlse
893 3428 947 3474 ead.
978 3426 1030 3474 Cic.
1042 3426 1059 3472 l.
1071 3428 1110 3472 13.
1122 3426 1177 3473 Aet.
1188 3441 1223 3489 ep.

121 3492 162 3539 43.
174 3489 261 3537 Lamia
271 3489 302 3537 ad
312 3503 352 3538 mo
370 3489 496 3554 epistolam
512 3489 602 3544 attulit,
619 3489 702 3552 inqua
714 3498 817 3537 extrema
833 3490 948 3552 scriptum
959 3497 1020 3548 erat,
1035 3497 1062 3536 ut
1071 3489 1094 3535 ie
1105 3489 1135 3535 ad
1154 3488 1222 3536 ludos

121 3552 203 3601 omnia
218 3561 324 3616 pararet.
352 3551 450 3619 (proin
467 3554 534 3618 cnjus
553 3556 681 3614 extremo.)
708 3554 747 3601 ld.
762 3554 781 3600 l.
794 3556 857 3602 3.(14
870 3549 922 3616 Off.
934 3570 956 3600 c.
967 3557 991 3600 2.
1001 3553 1123 3600 Panaetius
1139 3552 1164 3598 in
1178 3568 1223 3599 ex·

121 3624 199 3666 tremo
212 3618 273 3666 libro
288 3619 356 3667 tertio
366 3619 397 3665 de
408 3619 455 3666 hac
474 3627 540 3680 parte
557 3619 683 3679 pollicetur
694 3631 719 3663 se
730 3618 846 3678 deinceps
856 3633 909 3664 esee
923 3617 1050 3664 dictamum.
1067 3617 1170 3664 towards
1185 3617 1225 3666 tlte

123 3683 184 3732 cloae
197 3683 228 3742 of
238 3683 279 3738 llse
289 3684 357 3732 tlsird
368 3683 434 3730 bools.
457 3681 552 3744 (proin
569 3688 675 3727 extremo
686 3680 762 3744 libri.)
777 3682 816 3728 ld.
826 3683 842 3726 l.
855 3685 894 3729 14.
906 3681 961 3730 Ata.
977 3696 1013 3742 ep.
1025 3685 1049 3728 8.
1062 3679 1117 3729 Lio.
1136 3681 1152 3727 l.
1164 3685 1188 3728 2.
1201 3696 1224 3728 c.

124 3749 166 3794 64.
185 3749 271 3795 Coeaur
281 3748 332 3796 l.6.
344 3747 380 3796 Β.
390 3747 502 3795 aeae.
515 3748 528 3809 t
540 3751 564 3795 3.

436 3852 450 3881 “
462 3856 487 3901 3.
499 3853 628 3900 Extremas
639 3863 683 3912 pro
691 3864 758 3920 papae
769 3853 914 3912 desperatus.
962 3847 964 3850 ’

158 3933 243 3980 Goeaor
254 3933 271 3978 l.
282 3937 308 3981 2.
320 3934 354 3982 Β.
372 3934 406 3982 G.
424 3949 446 3981 c.
458 3936 498 3982 25.
516 3934 563 3995 td.
581 3931 644 3980 Cum
663 3945 705 3992 pro
724 3945 750 3978 se
768 3932 868 3993 quitque
887 3930 913 3976 in
929 3938 1058 3998 conspectu
1077 3930 1227 3993 imperatoris¹

124 3995 197 4042 etiam
215 3997 241 4043 in
259 3998 372 4044 extremis
389 3996 440 4044 suia
456 3998 524 4045 rebus
540 3997 636 4060 operam
656 4010 742 4042 narare
760 4001 866 4058 cuperet.
885 3995 985 4042 Sallust.
1010 3995 1042 4042 B.
1057 3995 1131 4044 Cutil.
1147 4012 1169 4044 c.
1186 4002 1226 4046 26.

127 4059 466 4124 Exmemaomniaexperiri.
508 4121 511 4125 ,

528 4150 543 4178 *
555 4155 579 4199 4.
591 4149 732 4198 Extremum
743 4153 787 4203 eat,
800 4153 834 4196 at.

159 4228 211 4280 Cic.
228 4232 244 4278 l.
256 4236 281 4280 4.
294 4233 364 4281 Fam.
376 4247 412 4294 ep.
426 4234 467 4288 13.
478 4230 616 4278 Extremum
634 4221 696 4277 illud
708 4238 753 4284 eat,
767 4236 793 4275 nt
805 4237 828 4276 te
846 4227 927 4275 hortor
938 4233 962 4273 ot
973 4227 1103 4283 obsecrem,
1115 4229 1193 4290 animo
1204 4237 1230 4277 ut

132 4309 231 4343 marimo
242 4311 286 4343 ars.

195 4376 268 4426 Tm.
1034 4408 1037 4417 ,
1146 4368 1177 4416 lt.
