2670 4636
113 257 229 336 anau]
457 256 516 316 DE
537 254 846 317 PARTICULlSetc.
976 278 979 283 ·
1142 257 1200 316 313
1292 310 1295 315 .

108 405 160 467 51.
177 403 256 458 Qaarrt
265 406 319 466 post
330 416 360 450 ae
374 400 584 464 pariarissimam
600 408 654 452 est.
664 402 763 451 curtina
773 401 789 450 l.
800 406 825 452 4.
833 416 855 449 c.
870 405 909 450 10.
920 407 978 449 extr.
1004 400 1094 450 Precor
1104 414 1136 450 ne
1145 401 1200 464 quis
1283 427 1286 432 -

108 465 178 515 Asiae
189 481 232 514 rex
242 466 282 522 sit,
294 481 362 530 quam
372 466 419 514 iste
434 473 481 514 tarn
489 467 571 530 justus
581 467 665 514 hostis.

516 566 654 628 2006661
672 570 794 627 qaaatam.
830 588 833 594 ·

146 647 225 702 Quam
233 645 259 693 in
270 644 443 707 comparatione
454 660 517 708 sepe
528 645 632 692 adsumit
641 651 762 708 quantum.
787 645 838 694 cta
848 644 866 693 l.
878 648 902 693 3.
913 646 942 694 tle
956 646 1027 694 Orat.
1043 661 1065 694 c.
1076 651 1100 694 4.
1117 645 1201 709 Majus

108 709 226 772 quiddam
235 711 266 758 de
278 709 370 764 Crasso,
381 725 450 772 quam
468 717 581 772 quantum
591 724 605 757 a
615 709 684 756 nobis
694 710 846 772 exprimetur,
861 710 1016 772 suspicantur.
1049 712 1089 760 ld.
1099 715 1113 758 a
1130 711 1200 760 Verr.

110 791 134 822 c.
146 779 187 823 23.
202 775 237 822 lis
248 775 302 836 plus
318 774 428 820 frumenti
442 774 609 835 imperabatur,
628 788 697 835 quam
713 782 828 836 quantum
842 781 974 821 enarum.
990 775 1018 823 lte
1032 775 1201 835 exartedsrom

109 840 176 888 them
184 855 199 888 a
208 845 305 899 greater
314 839 425 900 quantity
435 837 539 897 afgraia
549 839 607 885 tlara
616 838 678 886 tlreir
687 837 782 887 haroert
791 841 915 887 anaanted
925 843 957 886 ta.
970 833 1008 886 ld.
1020 842 1036 886 2
1050 841 1118 888 Verr.
1127 854 1148 888 c.
1160 842 1201 887 29.

109 901 269 960 Accusatores
287 903 363 949 multo
376 901 492 964 majorem
507 901 634 964 pecuniam
644 903 737 964 praetori
746 902 895 964 pollicentur,
911 917 981 966 quarn
992 911 1103 965 quantum
1122 910 1146 949 tu
1158 904 1201 950 de-

109 967 178 1015 disti.
210 967 362 1016 laicata.
380 965 524 1026 intelligetis
541 965 618 1012 sexies
634 972 734 1020 tantum,
750 981 819 1028 quarn
837 974 951 1029 quantum
968 969 1025 1013 satis
1042 968 1081 1023 sit,
1097 967 1201 1014 ablatum

109 1047 176 1079 esse.
208 1031 248 1080 Id.
258 1033 275 1078 l.
288 1032 432 1080 1.deOrat.
443 1046 464 1078 c.
475 1035 514 1079 36.
531 1030 600 1077 Alter
608 1029 662 1092 plus
672 1030 776 1092 petebat,
791 1045 860 1095 quam
869 1038 983 1095 quantum
993 1031 1031 1078 lex
1041 1031 1201 1095 permittebat.
1300 1079 1303 1084 ,

110 1097 177 1145 *la
184 1109 230 1158 pro
240 1096 334 1145 Cluent.
344 1111 366 1142 c.
378 1101 402 1144 1.

421 1175 435 1204 ³
446 1179 487 1224 28.
506 1175 583 1229 Quam
593 1175 634 1238 qai
650 1182 705 1236 post
714 1172 893 1236 comparativos.

96 1236 105 1246 Ἰ
144 1257 200 1306 ata.
210 1257 227 1305 l.
238 1261 262 1306 3.
272 1272 294 1304 c.
305 1260 345 1304 72.
362 1255 441 1302 Fama
453 1270 480 1302 ac
492 1254 549 1314 fidoi
560 1252 645 1301 damna
655 1253 744 1318 majora
755 1261 818 1311 sunt,
829 1269 901 1319 quam
912 1269 965 1317 quae
977 1254 1087 1304 aestimari
1102 1255 1203 1320 possint·

112 1324 199 1372 Caesar
208 1321 242 1371 Β.
252 1322 284 1370 G.
293 1320 342 1369 16.
352 1321 463 1383 c.1.§2.

407 1417 422 1446 ⁴
432 1421 473 1466 20.
491 1417 568 1472 Quam
579 1417 640 1479 qaod
652 1431 696 1479 pro
707 1431 775 1478 qaam
786 1420 907 1478 quantam.

147 1500 199 1549 cta.
208 1490 226 1546 l.
235 1503 258 1548 1.
268 1500 297 1549 de
310 1501 381 1547 Orat.
398 1502 468 1563 cdd.
485 1497 552 1544 Alter
559 1496 668 1561 iniquum
676 1497 774 1560 putabat
782 1497 835 1560 plus
846 1511 927 1543 secum
936 1495 982 1560 agi,
990 1511 1059 1559 quam
1068 1496 1131 1560 quod
1141 1503 1204 1545 esset

109 1565 138 1612 in
149 1563 252 1612 wdone.

96 1632 101 1643 ¹
171 1682 176 1696 .
540 1643 555 1672 ⁸*
566 1647 606 1691 30.
624 1643 701 1696 Quam
711 1647 777 1704 quot.

144 1727 200 1774 aaa.
214 1725 232 1771 l.
244 1728 284 1773 36.
296 1739 317 1771 c.
329 1727 368 1772 1⁰.
384 1722 422 1769 Ibi
432 1729 508 1770 castra
525 1728 625 1768 metatus
642 1720 720 1776 latius,
738 1735 810 1782 quam
825 1735 867 1782 pro
886 1721 971 1783 copiis,
988 1728 1013 1768 et
1031 1721 1118 1785 plures,
1133 1735 1205 1783 quam

108 1798 173 1853 quot
188 1789 246 1837 satis
255 1789 282 1836 in
296 1804 364 1839 usum
381 1795 455 1843 erant,
466 1787 602 1851 ignoscam
619 1783 776 1841 accendisset,
791 1785 894 1846 speciem
912 1801 981 1848 quam
995 1786 1128 1850 quesierat,
1139 1787 1204 1834 hosti

108 1855 179 1904 fecit.
1004 1875 1012 1892 .

475 1935 516 1979 31.
537 1933 614 1987 Quam
624 1933 686 1994 qaod
693 1947 703 1988 ,·
719 1947 788 1994 quam
799 1935 834 1979 at.

145 2014 257 2076 Jungitur
273 2012 394 2060 interdum
409 2028 463 2060 cum
480 2015 540 2074 quod
555 2013 593 2057 vel
604 2017 639 2060 at.
674 2012 725 2059 Cic.
738 2013 755 2057 l.
768 2015 807 2058 11.
819 2010 874 2060 Art.
884 2027 919 2074 ep.
931 2016 954 2060 t.
979 2010 1027 2058 Sed
1045 2025 1077 2077 ex
1094 2012 1204 2060 omnibus

109 2080 173 2127 nihil
185 2087 266 2126 tamen
282 2079 356 2138 magis
371 2077 522 2128 desideratur,
534 2091 603 2138 quarn
621 2074 685 2136 quod
700 2076 726 2122 in
740 2074 848 2123 Africam
863 2092 908 2133 npn
919 2077 987 2124 irem.
1019 2074 1109 2124 *Add.
1127 2078 1167 2125 Id.
1178 2077 1205 2124 in

110 2147 188 2195 Brat.
200 2159 222 2191 c.
233 2147 274 2191 60.
284 2150 309 2189 et
322 2140 391 2189 Orat.
402 2157 424 2188 c.
435 2145 474 2188 45.
486 2149 510 2188 et
521 2141 582 2188 Post
593 2140 676 2188 Redit.
688 2140 712 2186 ia
726 2140 783 2188 Sea.
794 2157 816 2188 c.
827 2147 851 2189 5.

148 2209 199 2257 Cic.
210 2208 227 2254 l.
238 2212 263 2256 2.
274 2208 302 2255 de
317 2207 386 2254 Orat.
403 2206 452 2252 Sed
462 2206 506 2252 hoc
516 2204 591 2269 majus
602 2211 640 2251 est
652 2202 772 2266 quiddam,
786 2220 855 2266 quarn
865 2211 892 2251 ut
903 2206 932 2252 ab
942 2205 973 2253 ils
983 2204 1150 2269 postulandum
1162 2206 1204 2253 sit.

108 2272 279 2337 icaoraetlaiag
288 2270 429 2328 asorathan
443 2270 507 2318 wlrat
517 2285 551 2317 we
562 2269 637 2328 oaglrt
648 2275 671 2317 to
685 2271 785 2318 demand
802 2269 829 2328 os
837 2271 908 2318 thera.
940 2271 979 2319 Id.
989 2271 1006 2317 l.
1018 2276 1042 2319 1.
1056 2271 1156 2319 deNat.
1167 2271 1203 2320 D.
1268 2268 1272 2277 “

111 2341 186 2387 c.18.
202 2336 261 2383 llaec
273 2344 328 2383 sunt
338 2335 401 2381 dicta
415 2334 534 2387 subtilius,
549 2349 619 2395 quam
631 2341 656 2379 ut
671 2333 748 2394 quivis
766 2349 795 2380 ea
805 2335 881 2395 possit
892 2349 1028 2397 agnoscere.
1062 2335 1100 2383 ld.
1111 2334 1130 2381 l.
1139 2338 1163 2383 3.
1175 2337 1204 2384 tle

66 2402 70 2409 ⁴
115 2403 214 2450 Orate.
223 2405 246 2447 6.
263 2399 317 2447 Hoc
329 2398 421 2445 videtur
432 2413 485 2444 esse
496 2395 575 2453 altius,
587 2412 656 2460 quarn
667 2405 696 2444 ut
705 2396 731 2443 id
742 2413 784 2444 nos
796 2398 863 2444 humi
874 2399 940 2445 strati
949 2400 1067 2460 suspicere
1078 2399 1204 2462 possimus.

112 2467 163 2514 tlris
172 2480 244 2514 reema
254 2470 278 2513 to
290 2465 317 2512 lra
328 2468 367 2511 too
376 2462 519 2519 sablimejor
529 2461 766 2525 tteaampreaeaatoa
777 2461 806 2520 os
816 2476 845 2510 aa
853 2464 979 2524 gravetiag
990 2465 1096 2511 mortale.
1111 2462 1126 2492 ⁴*
1137 2461 1202 2513 Add.
1267 2525 1270 2531 .

349 2624 364 2652 ¹*
375 2626 415 2672 32.
433 2624 511 2679 Qacm
521 2638 574 2670 curu
592 2622 752 2685 conjunctivo,
771 2621 918 2669 dissimulato
931 2627 966 2670 at.

146 2707 199 2756 Cic.
207 2722 250 2770 pro
262 2707 328 2755 Mar.
338 2720 360 2753 c.
376 2708 415 2754 29.
432 2703 477 2751 Est
488 2701 559 2765 paulo
573 2703 660 2757 durior,
678 2717 748 2764 quam
766 2708 807 2749 aut
822 2702 919 2759 veritas,
937 2708 978 2748 aut
991 2708 1075 2749 natura
1092 2702 1202 2764 patiatur.

111 2773 169 2822 ata.
180 2773 197 2818 l.
207 2776 248 2820 40.
260 2787 282 2818 c.
290 2775 314 2820 4.
334 2769 422 2816 Mulier
436 2783 491 2814 ausa
501 2775 538 2814 est
552 2767 640 2821 dicere,
653 2781 679 2813 ae
691 2782 734 2813 sua
744 2781 814 2813 manu
826 2767 906 2828 potius
917 2775 998 2812 ornnes
1008 2766 1201 2816 liberosinrerts-

111 2844 211 2892 cturam,
223 2850 293 2898 quam
309 2834 336 2881 in
353 2840 496 2896 potestatem
507 2830 616 2893 Philippi
631 2831 747 2877 venirent.
783 2832 834 2879 Cic.
846 2831 862 2877 l.
872 2834 896 2877 3.
908 2832 937 2878 de
951 2831 1020 2879 Orat.
1032 2846 1052 2877 c.
1063 2834 1104 2879 49.

144 2900 160 2930 ‘
172 2901 241 2962 Saepe
257 2907 337 2947 tamen
348 2904 375 2946 ut
385 2896 488 2957 intelligi
499 2895 546 2951 vir,
560 2903 601 2941 aut
612 2895 682 2955 plane
693 2910 741 2941 non
757 2904 843 2956 potest.
877 2895 928 2943 cta.
938 2910 981 2957 pro
993 2896 1077 2943 Plana.
1087 2911 1109 2943 c.
1120 2900 1144 2945 2.
1160 2897 1202 2944 Illi

112 2964 198 3013 merita
208 2964 292 3012 Planci
309 2978 362 3024 erga
374 2977 411 3008 me
426 2960 517 3007 minora
531 2975 583 3006 esse
598 2959 717 3014 dicebaut,
734 2974 804 3020 quam
817 2974 879 3006 ame
890 2959 942 3020 ipso
952 2959 1145 3022 praedicarentur.
1162 2963 1202 3010 Id.

112 3031 189 3080 Brut.
200 3044 222 3076 c.
235 3033 274 3078 31.
290 3028 421 3075 Stoicorum
433 3023 566 3078 adstrictior
576 3030 613 3070 est
624 3022 699 3069 oratio
710 3023 877 3086 aliquantoque
891 3024 1040 3079 contractior,
1052 3039 1120 3086 quarn
1132 3041 1206 3081 aurea

111 3093 199 3159 populi
209 3092 338 3156 requirunt.
371 3091 433 3138 laid.
443 3105 464 3136 c.
474 3093 515 3137 64.
528 3096 586 3134 extr.
603 3088 628 3134 Is
639 3103 678 3134 me
689 3087 862 3135 adolescentem
880 3097 962 3135 nactus
978 3095 1032 3136 octo
1042 3088 1110 3135 annis
1125 3089 1201 3136 mino-

112 3174 174 3214 rem,
186 3172 256 3219 quam
267 3164 317 3205 erat
327 3157 388 3220 ipse,
398 3155 485 3200 multos
496 3168 570 3199 annos
579 3153 605 3199 in
616 3151 694 3201 studio
705 3151 812 3216 ejusdem
823 3153 899 3199 laudis
911 3152 1024 3200 exercuit.
1057 3155 1096 3201 ld.
1108 3154 1126 3200 l.
1138 3158 1162 3202 1.
1172 3158 1202 3205 de

113 3224 178 3272 Nar.
188 3222 224 3271 D.
241 3238 264 3270 c.
278 3227 316 3271 18.
341 3221 425 3268 Fretus
434 3216 594 3280 intelligentia
603 3224 681 3265 vestra
691 3217 779 3265 dissero
793 3216 895 3273 brevius,
912 3231 982 3280 quam
993 3233 1063 3266 causa
1073 3218 1205 3283 desiderat.

113 3286 182 3335 Add.
189 3287 244 3336 Lio.
255 3287 272 3334 l.
283 3291 324 3336 12.
334 3302 356 3334 c.
367 3287 407 3334 46.

464 3382 479 3411 ¹*
490 3386 530 3431 33.
547 3383 625 3436 Quam
635 3396 664 3430 ae
670 3397 680 3440 ;
696 3398 765 3447 qaam
775 3387 802 3431 at
812 3397 849 3431 ae.

148 3465 201 3513 Cic.
211 3465 228 3511 l.
239 3470 263 3514 2.
274 3465 329 3514 Art.
338 3479 373 3528 ep.
385 3467 424 3512 14.
442 3461 511 3509 Nihil
521 3460 624 3523 estjam,
641 3462 706 3524 quod
717 3462 790 3525 magis
802 3461 934 3510 timendum
943 3461 1012 3509 nobis
1027 3468 1118 3525 putem,
1130 3477 1202 3526 quam

111 3546 143 3578 ne
156 3530 198 3576 ille
214 3536 295 3576 noster
308 3528 503 3591 Sampsiceraous
517 3541 584 3572 ruere
602 3525 709 3587 incipiat.
743 3528 836 3576 Terent.
848 3529 939 3576 Heaat.
950 3533 974 3576 4.
989 3530 1013 3574 6.
1022 3531 1047 3575 4.
1072 3527 1126 3574 Nec
1135 3529 1201 3590 quic-

111 3609 185 3659 quam
196 3594 270 3656 magis
276 3609 339 3640 nunc
346 3601 435 3646 metuo,
445 3596 516 3655 quani
522 3605 552 3637 ue
561 3589 640 3636 denuo
647 3589 717 3638 miser
725 3592 804 3654 aliquo
812 3591 921 3646 extrudar
931 3591 996 3639 hinc.
1028 3591 1095 3641 Add.
1104 3593 1202 3642 Sueten.

113 3660 356 3785 „obniilpcrasslaent
370 3738 392 3768 c.
402 3723 426 3768 6.
455 3718 527 3766 Filius
543 3712 624 3764 statuit
642 3717 702 3763 nihil
715 3717 760 3764 sibi
773 3718 799 3764 in
819 3725 884 3766 tanto
901 3717 991 3765 scelere
1009 3720 1090 3767 matris
1108 3722 1202 3784 gravius

111 3787 261 3844 faciendum,
271 3802 341 3849 quam
353 3793 381 3833 ut
389 3785 432 3832 illa
441 3791 515 3855 matre
525 3789 680 3831 necteretur.

521 3900 562 3944 34.
582 3897 660 3952 Quam
675 3896 794 3958 quamdo.

148 3982 203 4030 cte.
214 3983 243 4031 de
254 3981 348 4030 Senect.
359 3995 380 4028 c.
392 3983 416 4027 4.
443 3977 522 4026 Multa
534 3978 645 4039 praeclara
654 3976 679 4022 in
688 3991 717 4024 eo
727 3973 778 4022 siro
788 3975 897 4038 cognovi,
909 3972 952 4021 sed
961 3973 1022 4020 nihil
1037 3972 1205 4036 admirabilius,

111 4062 186 4113 quam
197 4047 315 4109 quomodo
326 4045 368 4092 ille
380 4050 477 4090 mortem
489 4042 566 4090 Marci
582 4041 626 4088 filii
635 4041 698 4088 tulit.
723 4041 761 4089 ld.
773 4041 789 4087 l.
800 4043 823 4088 3.
832 4042 861 4089 cle
874 4041 944 4087 Orat.
955 4054 976 4086 o.
988 4043 1012 4088 4.
1028 4038 1140 4089 Crassum
1151 4044 1203 4106 ple-

101 4114 206 4169 ,niorem
215 4111 289 4158 fuisse
301 4116 378 4174 putat,
390 4123 460 4171 quam
471 4105 614 4170 quomodoa
623 4106 691 4153 nobis
700 4104 813 4153 inductus
824 4112 870 4154 eat.

472 4220 484 4246 ⁶
495 4226 535 4271 35.
553 4223 632 4278 Quam
641 4221 672 4269 ei.
705 4220 783 4275 Quam
793 4232 854 4267 cam.

147 4294 200 4355 ca.
211 4305 228 4350 l.
239 4309 263 4352 5.
270 4303 326 4354 Art.
336 4318 372 4366 ep.
383 4307 424 4355 20.
440 4301 515 4351 Nunc
524 4301 622 4367 publice
632 4303 719 4353 literas
727 4299 837 4352 Romam
844 4295 1243 4426 uirttereparairarokuteixores

171 4383 240 4430 Tarr.
1052 4384 1075 4429 ‘a
