2670 4636
63 252 152 329 sos]
403 235 459 312 nn
491 250 732 313 esurientis
753 259 831 311 aa·
871 284 883 339 5
1099 256 1156 313 ιιι

79 397 152 463 ‚cm
163 397 182 445 l.
194 399 217 445 2.
226 399 256 448 dc
269 398 339 447 otas.
348 399 418 446 crib.
434 397 464 445 In
475 413 523 462 quo
534 413 579 461 ego
589 413 637 446 nou
652 397 715 460 quod
730 396 830 444 libentes
846 396 907 444 male
926 395 1028 454 sudum,
1046 394 1089 445 sed
1099 396 1156 460 quia

61 475 162 510 causam
179 477 226 511 nou
245 461 479 525 libenterreliuquo,
500 464 598 511 nimium
615 464 707 524 patiens
726 469 752 508 et
770 462 848 509 lentus
869 460 998 513 existimor.
1031 459 1095 511 ’14.
1112 477 1156 525 pro

61 527 151 576 Pluris·
161 542 183 621 ε..
195 531 236 576 28.
246 533 274 575 et
284 527 301 574 l.
314 530 337 575 8.
351 527 397 585 Qa
409 528 455 578 Fr.
465 542 500 590 ep.
511 530 542 577 nd
556 530 640 577 Octac.

451 641 466 671 ⁸
475 647 516 691 45.
534 643 591 689 Non
600 642 734 703 quod—ted
744 655 781 688 ne.

99 737 152 787 ca.
160 751 204 800 pro
214 739 285 788 Dm.
293 755 315 786 c.
324 741 363 786 26.
379 739 436 786 Non
447 738 512 802 quod
523 737 650 798 dubitaret,
661 736 717 799 quin
731 736 760 783 ab
776 735 821 783 isto
832 735 891 783 nihil
907 735 1007 801 legibus,
1025 737 1085 785 nihil
1101 739 1156 795 reli·

61 801 175 864 gionibut
186 809 251 850 esset
261 813 348 859 actum,
361 803 403 850 sed
415 819 444 850 ne
456 804 509 866 quis
520 802 620 849 oriretur
633 801 768 864 aliquando,
779 801 820 862 qui
834 801 860 847 in
876 801 933 848 meis
947 800 1036 848 aedibus
1053 803 1157 864 aliquam

60 866 203 928 religionem
223 867 327 916 residere
354 866 453 914 diceret.
486 868 524 915 ld.
542 870 556 913 5
571 866 742 928 Philippeo.
770 865 826 912 Non
849 867 913 927 quod
933 866 975 912 ille
997 874 1065 913 scuta
1084 868 1158 915 vellet

60 931 159 979 occulta
170 946 230 988 esse,
244 931 330 980 sedne
341 930 482 986 familiares,
491 931 510 978 si
522 936 589 978 scuta
599 931 646 993 ipsi
655 930 753 985 ferrent,
766 930 906 977 laborarent.
937 930 993 979 Lio.
1005 931 1022 977 1.
1032 934 1072 980 28.
1083 948 1104 979 c.
1115 937 1156 982 52.

431 1044 446 1074 “
457 1049 497 1094 46.
516 1045 571 1093 Non
585 1046 719 1107 qaod—sed
730 1060 783 1106 que.

98 1140 163 1189 Cels.
174 1141 193 1188 l.
204 1144 228 1189 l.
238 1157 259 1188 c.
270 1146 311 1190 20.
327 1140 375 1189 Sed
383 1141 472 1196 dolore,
480 1141 501 1188 si
510 1117 587 1188 mulin
596 1140 706 1187 intestina
717 1140 828 1203 prolapsa
835 1148 898 1195 eunt,
908 1140 983 1187 secari
988 1155 1159 1203 supervacuum

61 1210 111 1260 eet,
127 1219 177 1252 uon
187 1200 379 1267 quod'excludi'a
394 1213 472 1254 scroto
481 1221 530 1254 uon
541 1205 639 1268 possint,
651 1204 693 1251 sed
708 1218 755 1266 quo
766 1204 861 1266 repulsa
876 1204 1012 1267 inguinibus
1028 1206 1158 1254 immoren-

61 1277 111 1323 tur,
123 1268 205 1330 ibique
215 1277 331 1317 tumorem
341 1270 455 1318 excitent.

96 1332 110 1356 ⁸
118 1333 174 1380 Huc
182 1334 245 1381 refer
252 1334 311 1381 illud
324 1335 444 1383 Ciceronis
451 1334 476 1380 in
485 1334 578 1383 Parcit.
589 1349 610 1381 c·
623 1337 662 1381 14.
678 1331 732 1379 Nec
741 1341 878 1394 argumenta
887 1331 929 1380 illa
944 1347 973 1380 eo
984 1333 1095 1381 dicuntur
1106 1334 1157 1382 sine

61 1403 126 1454 arte,
136 1397 201 1460 quod
212 1399 245 1446 ita
256 1406 320 1459 sunt,
335 1399 377 1447 sed
388 1415 435 1462 quo
448 1414 476 1446 ea
486 1415 534 1447 uon
545 1399 607 1462 parit
617 1399 715 1445 oratoris
727 1412 774 1458 ars,
787 1399 829 1444 sed
840 1397 897 1445 foris
908 1397 972 1444 adse
985 1398 1071 1452 delata,
1079 1405 1158 1447 tamen

61 1471 117 1510 arte
127 1469 222 1511 il'actst.
539 1476 543 1481 '

383 1559 396 1584 ⁹
404 1565 445 1610 47.
464 1561 520 1608 Non
532 1559 585 1608 ideo
596 1561 769 1622 qwd-seram
779 1553 848 1622 qaod.

100 1641 224 1701 Commu.
241 1642 258 1688 l.
270 1645 293 1689 3.
310 1657 331 1690 c.
343 1645 367 1690 2.
385 1642 497 1689 Lanatam
509 1640 625 1687 amineam
637 1639 734 1702 quidem
744 1639 844 1687 manime
853 1641 960 1700 probant,
972 1655 1023 1702 quae
1033 1641 1078 1688 hoc
1089 1626 1159 1689 voca·

61 1705 148 1752 bulum
166 1721 216 1753 non
234 1705 288 1753 ideo
300 1712 408 1768 usurpat,
420 1705 484 1770 quo'd
501 1705 550 1752 sola
565 1720 593 1752 ex
611 1705 721 1751 omnibus
736 1703 844 1760 amineis,
859 1719 942 1752 verum
959 1703 1024 1766 quod
1038 1705 1159 1769 precipue

60 1768 171 1818 canescit
180 1771 302 1832 lanugine.

448 1867 460 1892 ⁸
471 1871 512 1918 48.
531 1868 589 1916 Non
601 1868 735 1931 quod—sed
746 1872 781 1915 nt.

103 1946 155 1996 Cic.
162 1961 207 2009 pro
219 1948 337 1997 Carcine.
349 1951 389 1996 35.
404 1947 501 2004 ldieci,
514 1964 562 1996 uon
581 1947 646 2010 quod
663 1963 706 1994 vos
721 1947 748 1994 in
762 1946 807 1994 hac
826 1960 897 1993 causa
915 1947 975 1993 hanc
994 1945 1160 1994 defensionem

62 2010 202 2060 desiderare
212 2013 346 2068 arbitrarer,
357 2012 400 2062 sed
409 2021 437 2061 ut
452 2029 534 2061 omnes
548 2012 717 2074 intelligerent,
737 2026 780 2059 nec
791 2013 910 2058 ademtam
918 2011 1028 2070 cuiquam
1038 2010 1160 2059 civitatem

62 2089 129 2131 esse,
140 2092 186 2124 nec
196 2077 267 2124 adimi
275 2093 354 2141 posse.
388 2078 568 2139 lddcalrtcsp.
582 2078 653 2140 Reep.
668 2092 689 2125 c.
700 2081 725 2125 6.
750 2074 1159 2137 Vos,nonquoddubiaresesset,

61 2138 111 2186 sed
120 2147 148 2188 ut
157 2141 212 2189 huic
222 2141 290 2190 furio
302 2157 348 2190 vox
357 2142 545 2197 interdiceretur,
556 2140 702 2196 decrevistis,
710 2146 737 2189 ut
748 2139 778 2188 de
788 2155 894 2189 mearum
902 2139 987 2188 aedium
998 2139 1111 2203 religione
1128 2140 1159 2188 ad

63 2203 209 2255 Pontificum
219 2207 346 2270 collegium
356 2207 485 2256 referretur.
520 2208 535 2235 ¹
548 2206 603 2254 Huc
613 2205 676 2253 refer

458 2321 516 2368 Non
525 2319 577 2369 ideo
588 2321 721 2382 qaod—sed
733 2325 768 2368 ul.

102 2397 157 2448 cte.
167 2404 182 2449 3
193 2399 256 2463 Agr.
268 2403 320 2448 c.2.
336 2399 394 2447 Nou
404 2415 468 2448 nunc
479 2399 535 2448 ideo
547 2400 679 2464 disputabo,
700 2401 763 2463 quod
779 2401 840 2448 hunc
859 2405 945 2447 statum
964 2399 1100 2474 reipublicae
1112 2413 1161 2447 non
1178 2381 1184 2391 .

64 2463 405 2579 fflgpgrpupieieudeudum
423 2472 514 2528 putem,
533 2465 576 2513 sed
594 2477 621 2512 ut
637 2466 735 2513 doceam
753 2464 852 2514 Rullum
870 2465 968 2528 posthac
981 2479 1006 2511 ιιι
1024 2464 1160 2512 brosellam

489 2624 552 2674 ⁸49.
569 2626 742 2675 Norat-scd.

102 2704 180 2756 Tacit.
192 2705 209 2754 l.
220 2707 245 2754 4.
254 2703 320 2754 Arta.
331 2720 353 2756 c.
364 2708 405 2754 20.
416 2707 430 2769 §
443 2710 465 2755 l.
482 2706 598 2753 Saevitum
610 2713 689 2752 tamen
702 2706 727 2752 in
739 2707 810 2760 bona,
823 2720 879 2760 non,
896 2713 924 2754 ut
940 2707 1100 2769 stipendiariis
1116 2722 1159 2770 pe·

63 2769 146 2819 cunia
162 2769 325 2826 redderentur,
344 2785 442 2832 quorum
457 2785 527 2818 nemo
547 2771 684 2831 repetebat:
706 2768 749 2817 sed
767 2777 791 2816 et
809 2769 936 2818 liberalitas
950 2771 1051 2833 Augusti
1069 2773 1160 2835 avulsa,

64 2834 212 2963 pprppupagis
230 2834 360 2898 sigillatim,
383 2849 435 2897 quae
458 2834 515 2882 fisco
536 2833 684 2897 petebantur.
716 2834 910 2887 14151523.
929 2837 976 2899 §ta
987 2845 1012 2883 ct
1031 2835 1046 2883 l.
1055 2840 1079 2886 4.
1091 2836 1162 2886 Har.

466 2997 481 3026 ’
494 3001 533 3045 50.
551 2998 608 3045 Nost
619 2998 720 3045 stt-aed
730 3001 765 3044 at.

101 3076 153 3125 cre.
165 3076 182 3124 l.
194 3079 234 3124 11.
244 3076 299 3126 Art.
309 3093 345 3142 ep.
358 3082 397 3127 1⁰.
413 3078 450 3125 Te
470 3092 534 3139 rogo,
548 3086 576 3125 ut
594 3091 643 3132 eos,
662 3077 703 3138 qui
717 3076 778 3124 mibi
795 3082 844 3123 tant
858 3075 987 3125 crudeliter
996 3076 1087 3126 inimici
1097 3088 1160 3136 eunt

63 3155 173 3196 menses,
184 3156 234 3188 nou
244 3150 272 3189 ut
282 3143 369 3206 aliquid
381 3142 499 3205 proficias,
509 3141 553 3189 sed
563 3149 589 3190 ut
599 3141 643 3188 tibi
657 3156 695 3188 me
707 3156 788 3188 carum
798 3156 850 3188 esse
862 3140 975 3188 sentiant.
1007 3143 1046 3192 ld.
1056 3149 1072 3193 4
1087 3145 1161 3195 Cutil.

64 3221 88 3253 c.
100 3209 126 3253 9.
143 3205 203 3253 Haec
213 3222 261 3253 non
274 3214 300 3253 ut
313 3208 503 3263 necessitarem,
515 3209 608 3254 locutus
619 3222 679 3261 sum,
695 3205 738 3252 sed
753 3213 781 3252 ut
790 3221 844 3253 mea
854 3220 909 3262 vox,
921 3221 974 3268 quae
990 3206 1061 3257 debet
1072 3224 1123 3256 esse
1133 3210 1160 3256 in
1183 3238 1185 3243 -

64 3269 191 3384 '‘inblicpi
201 3271 320 3334 princeps,
339 3273 417 3321 officio
432 3272 515 3320 functa
531 3271 647 3321 consulari
665 3269 793 3321 videretur.
826 3269 1159 3334 Add.1d.proDcm.c.8l.

64 3340 92 3382 et
111 3339 154 3382 ,4.
187 3350 233 3386 cerr.
271 3369 278 3383 .
290 3341 312 3386 1.

100 3397 113 3422 ⁰
126 3397 181 3448 Huc
190 3351 300 3448 reieipea
315 3402 434 3464 exempla,
450 3402 476 3448 iu
496 3400 581 3462 quibus
597 3400 661 3463 prius
671 3405 698 3449 nl
712 3416 756 3463 pro
766 3401 828 3461 thd
837 3400 940 3462 positum
950 3408 995 3448 est.
1031 3403 1082 3451 Cic.
1092 3403 1108 3449 l.
1121 3406 1160 3452 14.

65 3461 121 3512 Ali.
132 3478 170 3526 ep.
180 3468 221 3514 12.
240 3464 307 3513 Nihil
317 3465 403 3521 haben,
420 3465 483 3528 quod
494 3464 525 3511 ad
535 3471 560 3511 te
571 3464 685 3511 scribam:
704 3464 780 3512 scribo
790 3475 877 3520 tamen,
888 3479 935 3511 non
944 3472 972 3511 ut
986 3464 1090 3514 delecter
1100 3468 1161 3514 meis

63 3526 152 3593 literis,
170 3529 215 3578 sed
226 3536 253 3577 ut
262 3530 357 3579 eliciam
368 3538 428 3577 tuas.
461 3529 497 3578 lt.
509 3529 524 3575 l.
536 3533 575 3577 ll.
586 3543 621 3590 ep.
632 3531 672 3576 15.
690 3528 748 3577 Haec
767 3529 797 3576 ad
811 3537 834 3576 te
855 3529 940 3583 scribo,
950 3544 998 3576 non
1010 3537 1036 3576 ut
1049 3545 1123 3593 queas
1132 3537 1160 3578 tu

66 3591 164 3640 demere
172 3594 358 3652 solicitudinem,
366 3596 406 3642 sed
416 3602 442 3641 ut
453 3608 600 3656 cognoscam,
610 3591 669 3653 quid
678 3599 704 3638 tu
716 3593 746 3639 ad
755 3609 782 3640 ea
793 3593 886 3655 afferas,
899 3607 951 3654 quae
961 3608 1000 3640 me
1012 3593 1148 3642 conficiunt.
1156 3654 1159 3659 ,

448 3699 462 3728 ’
474 3702 514 3747 51.
533 3699 587 3746 Non
598 3701 737 3744 rit-oerum
747 3702 782 3744 nt.

103 3795 155 3844 cte.
166 3796 184 3845 l.
194 3800 219 3845 2.
230 3798 259 3846 da
273 3798 342 3846 Oret.
353 3813 375 3845 c.
385 3799 426 3845 87.
443 3795 503 3842 Haec
522 3809 559 3841 ars
570 3800 622 3840 tota
638 3792 733 3840 dicendi
743 3792 816 3838 habet
827 3792 887 3838 hanc
900 3793 958 3849 vim,
975 3807 1022 3839 non
1040 3802 1067 3841 nt
1082 3803 1159 3844 totum

65 3860 169 3922 aliquid,
180 3860 250 3924 cujus
260 3862 285 3908 in
295 3861 398 3924 ingeniis
407 3860 553 3923 nostrispare
563 3858 629 3905 nulla
639 3858 678 3913 sit,
687 3856 765 3920 pariat
775 3866 799 3902 et
807 3865 921 3918 procreet,
932 3873 1012 3904 verum
1021 3867 1047 3906 ut
1058 3875 1096 3924 ea,
1107 3875 1159 3923 quas
1180 3863 1182 3866 ’

64 3932 125 3973 sunt
134 3931 186 3974 orta
195 3925 247 3990 jam
257 3925 282 3972 in
291 3927 361 3975 uobis
371 3934 395 3974 et
404 3936 534 3989 procreata,
546 3923 633 3971 educet
643 3930 713 3985 atque
725 3920 854 3970 confinuet.

339 4040 355 4070 ⁵
366 4044 406 4088 52.
423 4041 480 4087 Nea
490 4040 591 4087 rit-sed
602 4053 664 4101 qao-5
681 4051 728 4085 non
738 4037 837 4085 rit-scd
848 4050 885 4083 ne.

99 4119 182 4170 raes.
194 4121 211 4168 l.
221 4125 246 4171 4.
253 4121 322 4172 flat.
334 4137 356 4168 c.
367 4125 391 4167 5.
401 4123 415 4182 p
426 4123 451 4167 3.
468 4117 595 4166 Helvidius
605 4119 701 4166 Priscus
711 4117 833 4180 ingenium
842 4114 934 4163 illustre
946 4117 1066 4168 altioribus
1077 4121 1160 4169 studiis

59 4183 160 4260 juvenis
176 4185 302 4235 admodum
317 4184 394 4257 dedit,
406 4199 455 4230 non
466 4191 492 4230 ut
507 4183 603 4259 nomine
614 4182 740 4245 magnifico
757 4195 827 4298 sepse
847 4180 922 4227 otium
936 4182 1039 4236 velaret,
1052 4191 1100 4234 seu
1116 4200 1168 4248 opo

64 4248 155 4297 firmior
173 4249 285 4299 adversus
303 4251 401 4300 lonurta
414 4249 585 4329 rempublicam
603 4254 747 4313 capesseret.
805 4245 922 4298 ambli.
933 4251 1012 4299 mid.
1024 4248 1142 4296 *idaeus
1157 4253 1187 4293 et

129 4330 199 4378 Parc.
1073 4325 1137 4376 ‘ffi
