2670 4636
173 249 232 308 ιιι
492 244 662 305 aourru
690 246 931 309 russanum
1183 251 1268 331 [ιιι.

172 370 335 468 noquemauu
350 392 439 440 iactum
454 391 589 456 quicquam,
604 408 680 456 neque
692 357 823 456 pulcritudo
834 404 883 443 erat
899 395 956 450 ulls,
968 392 1010 442 sed
1025 399 1117 442 tantum
1128 392 1268 459 magnitudo

172 457 411 584 megeddddldsuirquam
426 518 544 585 affingitur
559 523 727 571 tantummodo.
761 523 883 572 cteta
899 525 928 571 de
941 520 1012 574 Oret.
1024 540 1046 572 o.
1063 528 1103 572 lli.
1122 522 1207 572 Ceteri
1219 540 1266 573 non

173 597 324 634 exornatores
343 601 428 641 rerum,
447 586 489 633 ssd
505 586 666 634 tantummodo
688 594 820 634 narratores
839 586 942 635 iuemnt.
976 589 1015 639 ld.
1033 589 1103 637 Part.
1125 589 1198 638 Oret.
1214 594 1267 639 ι.7

173 658 199 698 et
210 656 250 701 ud.
264 652 326 700 Cels.
333 650 403 712 prrrs.
416 649 432 697 l.
443 659 468 698 et
479 667 501 700 c.
514 654 537 697 1.

207 715 222 744 ⁴⁸*
234 714 353 762 Interdum
373 715 502 762 affunditur
516 730 595 778 prope.
629 714 682 762 cte.
692 715 750 765 Ast.
764 721 774 764 1
793 715 861 765 Verr.
872 732 893 765 c.
907 721 931 765 l.
942 715 973 764 Id
988 730 1035 763 nun
1045 710 1266 777 lrumano'cousilio,

174 778 708 892 “littttttttttlt.tltltt‘·
723 781 1010 893 .iiii;⁵z⁰‘2i⁶'rs·u
1044 845 1091 892 r..
1112 844 1269 894 mmmm

174 908 354 970 cogitatianes
369 922 441 970 parva
450 923 496 961 res.
512 907 554 955 sed
564 875 674 955 nimirum
682 859 786 955 isdinlum
797 878 910 957 maixime.
923 878 930 892 ⁸
982 862 992 909 J
1012 860 1052 908 πει

207 973 251 1033 (In
262 973 299 1021 bie
309 982 408 1036 quatuor
423 973 513 1020 ultimis
528 973 649 1036 particula
662 973 711 1020 itte
721 973 810 1021 nullum
828 973 917 1022 habent
934 971 1128 1036 conjunctionem
1144 989 1200 1023 cum
1216 989 1269 1029 ιιιιι,

175 1046 331 1101 poterantque
342 1035 441 1100 omitti.)

641 1135 781 1183 Admonitio
791 1135 813 1185 Ι.

210 1214 267 1264 Νοιι
282 1223 396 1279 sequente
412 1216 462 1271 sed,
481 1229 651 1277 nonnunquam
669 1216 775 1280 postulat
791 1215 932 1279 pronomina
942 1222 978 1279 tu,
989 1217 1037 1272 ille,
1057 1216 1113 1280 alis,
1129 1231 1184 1279 quae
1200 1215 1271 1278 vulgo

175 1278 236 1329 falso
254 1280 402 1343 praetermitti
421 1280 523 1342 potuisse
542 1279 673 1335 videantur.
708 1281 758 1330 cte.
776 1281 793 1327 1.
806 1284 830 1327 3.
850 1278 950 1330 resec.
966 1284 1007 1330 32.
1023 1281 1094 1328 Nihil
1108 1296 1161 1328 esse
1177 1279 1271 1334 malum,

177 1345 239 1407 quod
251 1354 321 1408 turpe
332 1360 380 1391 nou
395 1345 435 1400 sit,
447 1344 468 1391 si
478 1345 568 1407 lugenti
579 1343 732 1407 persuaseris,
750 1361 798 1392 non
809 1353 834 1392 tu
849 1345 885 1392 illi
897 1345 986 1393 luctum
996 1346 1036 1393 sed
1049 1345 1176 1394 stultitiam
1195 1346 1271 1391 detra·

76 1460 79 1465 ,
177 1408 249 1456 xoris.
274 1410 311 1458 ld.
321 1409 339 1457 l.
351 1415 374 1458 9.
387 1409 441 1457 Art.
452 1423 488 1471 ep.
499 1414 539 1457 15.
555 1408 635 1458 cesar
647 1424 741 1471 rrragnas
752 1410 826 1457 habet
840 1423 904 1457 certe
920 1411 1009 1472 copiae,
1020 1416 1046 1456 et
1061 1409 1158 1457 babebit
1171 1424 1220 1456 nou
1232 1408 1271 1454 ille

178 1473 289 1536 vectigal.
298 1473 341 1521 sed
347 1473 435 1520 civium
445 1472 515 1520 bona.
546 1476 577 1521 orl
589 1475 637 1530 Qu.
648 1474 692 1523 Fr.
705 1472 721 1520 l.
731 1481 756 1520 et
762 1490 798 1536 ep.
807 1479 830 1522 3.
847 1474 903 1521 Νοιι
912 1472 1023 1537 equidem
1031 1473 1081 1537 jem
1092 1482 1117 1522 te
1128 1488 1194 1535 rogo,
1206 1480 1235 1520 ut
1243 1472 1272 1519 sd

177 1552 216 1585 me
228 1537 257 1584 de
268 1538 339 1585 rebus
349 1536 403 1584 istis
414 1537 512 1600 scribas,
523 1539 565 1584 sed
576 1539 620 1585 hoc
629 1546 652 1584 te
663 1538 723 1585 scire
733 1540 798 1594 volo,
808 1539 869 1585 nilril
886 1539 959 1586 ferme
969 1553 1009 1586 me
1019 1553 1123 1602 unquam
1139 1539 1174 1585 ita
1186 1552 1273 1602 expes·

178 1612 248 1650 tasse.
286 1603 403 1665 Equidem
418 1611 498 1649 autem
509 1603 604 1665 ponitur
613 1603 653 1650 hic
663 1617 706 1665 pro
717 1618 759 1664 rgo
770 1604 871 1667 quidem.

617 1698 632 1727 ⁴*
644 1698 784 1746 Admonitio
799 1699 836 1748 II.

212 1780 276 1828 Raro
290 1780 412 1843 partirulae
423 1795 469 1828 non
479 1779 605 1842 subjicitur
615 1781 656 1827 sed
666 1779 747 1842 etium,
766 1781 943 1838 verumetiam
960 1780 1001 1830 lrut
1019 1795 1075 1830 esen
1088 1797 1096 1838 ,·
1111 1779 1273 1829 nibilominus.

181 1846 444 1906 Οἰι.1.ὕ.Α11.ιρ.2.
468 1843 656 1918 Peloponnesias
673 1843 780 1890 civitates
802 1859 884 1891 omnes
898 1843 1027 1892 maritimas
1044 1861 1097 1892 esse
1109 1842 1214 1892 hominis
1227 1856 1275 1892 non

177 1924 289 1971 nequam,
309 1911 351 1956 sed
374 1909 447 1956 etiarn
464 1916 507 1955 tuo
523 1908 614 1972 judicio
632 1907 732 1970 probati,
749 1908 884 1956 Dicaearchi
905 1909 993 1956 tabulis
1010 1909 1110 1957 credidi.
1146 1910 1210 1958 Cels·
1220 1910 1238 1957 l.
1248 1913 1273 1958 3.

177 1989 199 2022 c.
212 1978 252 2023 21.
269 1974 316 2021 Per
329 1972 387 2021 talia
398 1971 576 2020 auxiliarenter
591 1988 639 2019 nou
653 1970 765 2037 siccatur,
776 1975 818 2020 sed
830 1976 911 2020 lruruor
921 1972 1075 2021 nibilominus
1085 1975 1200 2023 abundat.

523 2093 562 2137 12.
579 2090 778 2146 Nora—ceterum,
789 2090 827 2138 vel
839 2096 928 2139 verum.

213 2148 314 2221 Sallust.
334 2171 450 2230 Jugurtlr.
467 2186 488 2218 c.
505 2175 546 2218 92.
567 2169 647 2216 Aliam
663 2187 712 2217 rem
731 2171 876 2233 aggreditur,
894 2185 943 2218 non
963 2171 1048 2218 eadem
1068 2170 1204 2233 asperitate,
1222 2179 1277 2231 ,qua

179 2235 347 2297 Capsensium,
358 2241 464 2282 ceterum
478 2236 540 2282 baud
556 2249 626 2281 secus
637 2234 764 2282 difficilem.
798 2236 881 2284 Senes·
899 2251 934 2297 ep.
946 2239 986 2284 85.
1004 2235 1143 2297 Sapientem
1152 2249 1201 2281 non
1211 2233 1277 2281 vinei

178 2314 287 2363 moerore,
295 2306 399 2347 ceterum
410 2298 485 2360 tangi.
520 2299 596 2347 Cio-d
610 2298 679 2346 Verr.
689 2315 711 2346 c.
724 2304 748 2348 3.
764 2299 839 2346 Erant
850 2308 963 2361 praterea
972 2299 1019 2347 duo
1027 2299 1153 2362 signamen
1164 2297 1276 2362 maxima,

179 2379 261 2410 verum
279 2363 366 2411 erimia
378 2370 509 2412 venustate.
543 2363 559 2391 ⁴*
571 2362 635 2412 Add.
646 2368 661 2412 6
675 2365 797 2412 Parada.
809 2369 832 2412 3.
853 2365 907 2413 etl.
919 2368 942 2412 7.
955 2364 1011 2411 Aer.
1021 2380 1056 2427 ep.
1069 2368 1093 2412 3.
1105 2372 1131 2411 et
1142 2368 1155 2411 1
1170 2366 1242 2419 Orat.
1253 2379 1277 2411 c.

181 2432 228 2522 σοι’
245 2491 384 2557 Aliquando
401 2486 494 2539 additur
506 2493 596 2549 etiamr
612 2507 675 2541 even.
711 2492 760 2540 Cio.
771 2507 813 2553 pro
824 2492 924 2541 Bulbo.
934 2496 958 2540 l.
974 2493 1006 2539 Et
1017 2501 1112 2539 senatus
1124 2492 1277 2555 populusque

106 2603 109 2609 ,
180 2557 305 2633 Romanos
315 2556 468 2620 amplissimae
478 2556 601 2620 dignitatis
612 2556 708 2621 praemis
718 2556 786 2604 dedit
794 2572 843 2604 non
854 2555 983 2620 postulanti
993 2557 1102 2620 imperia,
1114 2571 1193 2604 renim
1205 2555 1278 2637 etiam

177 2632 367 2734 reciltlslardttelidum
387 2685 526 2750 adjungitur
544 2692 630 2735 tumen.
664 2682 742 2735 cred
760 2687 826 2736 Verr.
841 2702 862 2734 c.
874 2689 914 2734 22.
931 2685 988 2732 Duo
1007 2686 1095 2748 poeula
1112 2701 1161 2733 non
1178 2700 1274 2748 magna,

179 2766 263 2798 verum
273 2760 351 2800 tarrreu
362 2768 416 2800 cum
426 2751 585 2799 emblematis.

473 2847 488 2877 ⁶
498 2853 538 2896 13.
555 2848 731 2911 Nou-potius,
748 2846 881 2910 corrigendi
897 2861 978 2897 causa.

217 2931 268 2979 cte.
280 2932 297 2978 l.
307 2935 331 2980 3.
340 2933 369 2980 de
382 2929 435 2994 Off.
446 2947 467 2978 u.
480 2933 520 2977 1³.
545 2928 597 2976 Hoc
612 2929 707 2977 celandi
718 2945 791 2988 genus
807 2929 875 2992 cujus
891 2927 994 2975 hominis
1003 2927 1042 2984 sit,
1055 2928 1109 2991 quie
1126 2944 1176 2975 non
1194 2926 1276 2976 videt?

130 3001 135 3007 “
183 2993 255 3042 Certe
266 3010 314 3042 non
325 2995 409 3058 aperti,
424 3008 473 3042 non
483 2993 591 3056 ingenui,
603 3009 652 3040 non
663 2994 707 3040 viri
718 2994 774 3041 boni
784 3011 791 3053 3
808 2993 899 3041 versuti
909 2993 997 3056 potios,
1008 2992 1113 3058 obscuri,
1124 2992 1209 3044 astuti.

517 3126 519 3130 ψ
604 3088 666 3139 ⁸14.
683 3091 860 3139 Non—tomen.

218 3173 269 3220 Cir.
284 3173 355 3221 Brut.
367 3189 388 3219 c.
399 3177 439 3220 67.
464 3171 520 3218 Νοιι
530 3178 581 3219 erat
591 3170 723 3225 abundans,
733 3186 781 3217 non
792 3171 862 3232 inops
872 3179 968 3229 tsmen3
983 3187 1032 3219 nou
1043 3171 1112 3219 ualde
1123 3171 1214 3234 nitens,
1230 3186 1279 3218 non

183 3237 254 3298 plane
270 3236 366 3283 horrida
380 3236 462 3283 oratio.
496 3237 536 3284 Id.
547 3237 563 3283 l.
574 3242 597 3283 5.
611 3235 678 3283 Tarso.
690 3251 712 3282 c.
724 3239 764 3284 33.
788 3235 873 3290 Vides,
888 3245 916 3282 ut
931 3236 1049 3298 Epicurus
1062 3235 1222 3299 cupiditatum
1237 3251 1279 3298 gs·

183 3315 239 3346 nera
256 3299 372 3354 diviserit,
389 3316 438 3346 nun
457 3299 527 3346 nimis
548 3301 647 3347 fortasse
665 3299 790 3355 subtiliter,
808 3299 900 3346 utiliter
917 3308 1005 3349 tamen.
1040 3302 1103 3350 Celo.
1118 3301 1135 3347 l.
1155 3307 1179 3349 t.
1198 3318 1220 3348 c.
1236 3306 1278 3349 26.

184 3364 283 3419 Vinum,
297 3363 316 3409 si
326 3365 397 3426 plaga
411 3363 537 3411 insumma
553 3372 608 3411 cute
620 3362 712 3425 generis
729 3362 821 3412 tutioris
838 3373 882 3420 est,
896 3373 975 3426 potest
985 3381 1033 3413 uon
1049 3374 1170 3429 pervetus,
1184 3364 1279 3414 modice

184 3438 264 3477 tamen
274 3430 355 3476 datum
366 3428 555 3492 adimplendum
566 3443 661 3491 quoque
677 3427 801 3490 prolicere.

449 3528 464 3557 ⁴*
474 3533 513 3577 1⁵.
532 3525 702 3583 Nora-etism,
717 3543 759 3590 pro
769 3543 877 3579 raon-rte
886 3553 895 3564 ·
903 3554 912 3563 -
920 3528 1020 3591 quidem.

222 3610 324 3658 Calain
333 3609 431 3672 praesul.
442 3609 460 3654 l.
469 3613 491 3657 1.
509 3607 565 3656 Νοιι
583 3608 665 3666 eadem
685 3609 804 3663 omuibus,
822 3609 895 3657 etism
909 3608 935 3655 in
951 3608 1069 3656 similibus
1082 3609 1185 3664 casibus,
1200 3607 1280 3670 opitu·

184 3671 272 3722 lantur.
288 3673 339 3736 Ego
348 3673 423 3722 nolim
432 3672 530 3721 imitari.
545 3672 635 3738 (Atqui
645 3688 718 3736 supra
726 3673 753 3722 ia
763 3674 846 3723 Elium
856 3689 882 3722 u.
894 3678 1082 3737 15.·ostensum,
1093 3675 1167 3724 retium
1175 3672 1224 3720 dici
1237 3686 1282 3735 pro

184 3740 294 3790 etiamsi:
312 3755 360 3802 quo
370 3740 441 3786 modo
450 3738 489 3786 lric
499 3753 584 3801 capere
595 3739 676 3804 licet.)

528 3841 567 3885 lo.
584 3836 745 3886 Nure-etiam
759 3835 830 3883 rarius
842 3834 935 3883 dicitur.

220 3915 276 3964 Νοιι
288 3915 347 3965 alias
356 3915 467 3965 adsciscit
480 3917 559 3967 elium.
594 3918 646 3966 cte.
656 3919 685 3978 de
699 3918 771 3966 Orot.
782 3932 804 3963 c.
815 3922 855 3965 11.
874 3917 1026 3965 sententiose
1042 3916 1121 3963 dicere
1131 3910 1184 3963 sine
1197 3913 1283 3963 verbo⁴

186 3993 240 4026 rum
250 3987 277 4026 et
285 3981 367 4028 ordine
379 3989 403 4028 et
412 3980 492 4036 modo,
502 3977 602 4027 infantia
612 3989 658 4042 est,
668 3981 711 4028 sed
722 3981 840 4041 ejusmodi
852 3990 929 4028 tamen
940 3981 1048 4036 infantia,
1060 3988 1096 4037 ut,
1118 3981 1200 4045 sequi
1210 3987 1283 4028 utsu-

186 4050 232 4100 tur‚
245 4059 292 4091 non
303 4044 371 4092 stulti
381 4046 491 4093 homines
502 4045 583 4093 haberi
595 4048 695 4108 possint,
707 4045 780 4094 etiam
791 4047 930 4110 plerumque
941 4046 1077 4110 prudentes.

427 4161 441 4187 ³*
456 4163 494 4209 17.
512 4162 630 4209 Norr-rre
640 4161 748 4223 quidem,-
765 4175 885 4210 nort-ese
896 4185 923 4195 -·
936 4161 1038 4222 quidem.

214 4236 266 4289 cr'c.
279 4238 296 4290 l.
308 4243 332 4292 2.
346 4239 394 4297 Qu.
408 4239 451 4289 Fr.
463 4256 499 4306 ep.
508 4245 533 4291 o.
558 4241 615 4290 Non
630 4241 812 4307 pretermittam
822 4256 856 4289 ne
869 4241 933 4287 illud
947 4240 1065 4302 quidem,
1080 4238 1195 4288 Furnium
1213 4237 1283 4288 Mer·

166 4303 273 4357 curiales
295 4307 327 4357 de
345 4307 455 4374 collegio
479 4307 614 4374 ejecerunt.
649 4308 837 4358 arataeo.
856 4303 1121 4353 uentorumque
1137 4304 1289 4363 quadamm-
