2670 4636
62 185 228 270 almerus]
411 195 466 265 on
499 193 740 263 aramenus
761 203 837 270 eta„
1094 201 1155 270 roa

59 357 156 421 (Gloer.
168 356 281 421 δηλαδὴ),
293 365 319 404 ot
331 356 358 405 in
373 354 473 407 Sueten.
484 357 548 420 Aug.
560 374 582 406 o.
594 362 635 407 66.
656 356 722 408 Vitia
731 371 826 422 quoque
835 364 860 407 et
868 358 964 415 delicta,
978 358 1095 410 duntaxat
1101 375 1153 410 mo·

60 423 120 480 dica,
131 434 272 487 perperaum·
283 422 324 470 ubi
333 421 383 470 vid.
395 423 495 472 emant.
507 432 532 471 et
544 421 661 485 Gronov.)

436 561 438 563 .
461 537 487 582 γ.
500 522 758 585 Dertonae-alioqui.

92 600 161 648 Plio.
174 600 211 648 Η.
224 601 257 649 Ν.
268 602 285 647 l.
297 576 336 649 18.
347 617 368 650 6.
381 605 405 650 7.
432 603 528 650 AEat‘rva
544 603 663 650 frumenta
677 610 743 663 suut,
765 617 817 664 quae
837 611 919 651 estete
930 592 988 652 ante*
998 604 1155 664 Vergiliarum

61 673 167 712 exortum
189 672 309 721 seruntur,
324 674 351 712 ut
372 666 469 719 milium,
489 667 608 730 panicum,
620 682 720 721 sesama,
734 667 810 714 italie
821 665 935 715 duntaxat
951 668 1007 716 ritu.
1039 668 1156 733 Alioquin

61 729 85 776 in
97 728 192 778 Graeea
201 737 226 777 et
236 728 297 777 Asia
307 729 386 778 omnia
402 730 555 794 Vergiliarum
570 747 656 780 occasu
667 740 782 779 seruntur.
814 731 862 780 Ubi
880 735 999 783 duntaxat
1009 741 1046 781 eat
1055 734 1155 799 quidem,

61 796 148 857 utique.

413 901 428 930 ⁴
439 906 463 949 3.
481 903 607 951 Duntamot
624 917 668 964 pro
685 903 804 951 baeterrae.

92 979 161 1029 Aliae
171 981 304 1046 significare
319 982 414 1030 videtur
428 983 516 1041 cosor.
543 983 631 1031 Cic.iu
643 983 717 1031 Brut.
733 998 755 1030 c.
767 980 806 1030 82.
838 982 864 1031 Si
875 983 927 1046 quis
938 982 1078 1040 siccitatem,
1088 984 1156 1033 dum-

62 1045 131 1172 ἓξὲξ
141 1047 175 1146 691ι
190 1049 272 1112 polita,
290 1049 317 1096 in
330 1048 412 1096 Attico
423 1062 509 1112 genere
522 1048 604 1111 ponit,
621 1048 743 1108 hocrecte
754 1048 878 1099 duntaxat.
896 1049 922 1098 io
938 1051 987 1098 ilie
1006 1049 1034 1100 be
1049 1050 1157 1109 brosor·

505 1241 615 1292 CAPUT
648 1241 726 1293 LXV.

308 1341 371 1415 (De
387 1340 611 1419 Proepoaiticrre
624 1343 649 1400 Ε
660 1341 723 1403 cide
739 1341 823 1421 infra
838 1341 914 1416 Ex.)

354 1455 404 1514 De
417 1453 577 1514 Aduerbiie
597 1455 643 1513 Ea
658 1463 686 1514 et
701 1455 871 1514 Erannos.

95 1547 141 1612 §L
149 1550 173 1594 1.
182 1545 222 1593 Ea
234 1547 402 1599 subintellecta
410 1551 562 1614 permctaph.
582 1552 671 1600 Seneca
682 1552 711 1600 de
722 1550 807 1611 Beaef.
815 1552 832 1597 l.
841 1555 866 1600 4.
874 1566 896 1598 c.
904 1553 944 1598 33.
955 1549 1019 1598 Huic
1029 1551 1159 1614 responde·

64 1613 151 1670 bimus,
163 1626 283 1674 nunquam
295 1622 421 1676 expectare
430 1630 474 1663 nos
481 1616 634 1664 certissimam
644 1631 720 1664 rerum
727 1615 970 1681 comprehensionem,
979 1615 1021 1662 eed
1029 1615 1105 1672 eaire,
1112 1629 1161 1680 qua

64 1677 131 1727 ducit
141 1677 192 1725 veri
202 1677 377 1728 aimilitudo.lo
410 1715 412 1720 .

513 1781 536 1826 2.
552 1779 588 1827 Ee
601 1778 721 1826 omissum.

96 1857 187 1910 Seneca
197 1861 226 1909 de
237 1857 323 1919 Beuef.
335 1859 352 1907 l.
361 1863 385 1908 4.
396 1874 418 1907 c.
430 1862 470 1908 33.
481 1858 614 1923 Sequimur,
626 1874 673 1922 qua
686 1857 756 1915 ratio,
768 1872 817 1906 non
828 1872 875 1921 qua
887 1855 972 1906 veritas
983 1856 1064 1911 trahit.

97 1940 154 2003 §IL
165 1941 449 1989 LEaraucaconflatnm
457 1957 484 1989 er
494 1947 553 1990 euet
563 1929 875 2004 tenua,eignificatrrtqueed
881 1955 934 1989 eum
943 1940 1076 1994 terminum,
1087 1937 1116 2000 (⁵
1123 1938 1164 1989 vel

65 2004 96 2053 ed
115 2021 168 2054 eam
187 2005 300 2070 partem.)
333 2004 348 2034 ⁸
360 2005 456 2068 Proprie
474 2005 544 2068 ponit
565 2006 718 2054 06761614.
730 2006 871 2054 161667.
901 2004 958 2051 Non
973 2011 1071 2051 eatenus
1091 2004 1163 2067 plage

64 2071 184 2126 consistit,
195 2085 242 2134 qun
251 2069 379 2133 vestigium
388 2071 446 2118 fecit
456 2071 536 2126 acics;
552 2071 593 2117 aed
606 2069 694 2116 cestius
705 2070 821 2117 caloribus
836 2071 898 2118 falce
910 2069 996 2116 vulnus
1006 2068 1104 2132 penitus
1116 2068 1161 2116 im·

64 2150 186 2198 pressam,
194 2135 264 2183 latiur
273 2135 390 2184 inarescit.
407 2134 464 2183 Vid.
475 2136 515 2184 ld.
525 2135 558 2183 ib.
568 2143 594 2182 et
604 2135 621 2182 l.
630 2139 655 2186 7.
664 2150 686 2182 6.
695 2139 719 2183 9.
730 2142 755 2182 et
763 2135 793 2184 cle
803 2133 890 2184 Arbor.
898 2149 921 2184 c.
933 2138 958 2184 8.

346 2235 370 2280 2.
382 2234 577 2295 Eatenus-qua.
595 2231 610 2261 ⁸
622 2233 884 2294 Eatenus-quotenus.

100 2313 133 2343 ¹*
144 2306 212 2362 S.D.
222 2303 325 2369 Quintil.
334 2314 352 2363 1.
363 2318 387 2362 1.
399 2304 420 2362 c.
432 2318 472 2362 ll.
484 2312 597 2361 Dandum
605 2311 694 2375 aliquid
703 2311 815 2361 Coruoedo
827 2328 929 2376 quoque,
936 2312 994 2361 dum
1000 2319 1107 2371 eatenus,
1116 2326 1165 2377 qna

64 2378 242 2443 pronunciandi
260 2377 383 2426 scientiam
399 2379 492 2426 iuturus
503 2387 580 2426 orator
591 2378 720 2426 desiderat.
743 2375 764 2406 ·‘
776 2377 860 2427 senec.
871 2393 906 2439 ep.
913 2383 954 2428 95.

100 2443 345 2518 7661612616.
372 2443 410 2491 Ex
430 2443 583 2492 ulterioribus
604 2443 663 2490 locis
682 2449 779 2490 eatenus
795 2442 892 2506 sanguis
910 2442 1025 2508 sequitur,
1047 2448 1165 2506 quatenus

65 2515 194 2556 emittitur.

485 2610 508 2654 3.
525 2607 750 2668 liutem-quoad.

104 2687 157 2735 Cic.
169 2686 188 2732 l.
200 2687 222 2735 l.
233 2687 280 2742 Qu.
286 2685 330 2735 Fr.
339 2700 374 2748 ep.
384 2679 410 2735 1.
417 2658 525 2742 Qirorum
532 2686 552 2733 ei
560 2687 612 2748 quis
622 2694 685 2734 esset
695 2682 819 2743 sordidior,
830 2687 903 2748 ferres
914 2691 1021 2742 eatenus,
1032 2684 1109 2750 quoad
1123 2662 1166 2749 per

66 2767 95 2800 ee
109 2750 241 2812 negligeret
250 2765 292 2797 eae
303 2750 376 2812 leges,
388 2751 474 2813 quibua
483 2757 520 2798 eet
530 2749 666 2803 adstrictus.
688 2751 704 2780 ³
715 2753 753 2800 ld.
764 2751 780 2799 Ι.
793 2755 816 2799 1.
827 2753 856 2800 de
866 2751 926 2813 [κς.
937 2766 959 2800 6.
971 2754 995 2799 4.

103 2815 120 2845 *
134 2817 346 2865 erimar-danea
355 2815 410 2862 vide
421 2831 486 2862 num.
498 2821 523 2866 5.

388 2917 412 2961 4.
428 2913 602 2962 Balenae—ut.
636 2912 667 2942 *⁸
680 2913 854 2961 Eatenus—ne.

107 2993 159 3042 Cic.
170 2995 199 3042 de
209 2998 258 3054 opt.
268 3007 324 3056 gere.
338 2993 408 3041 Orat.
416 3009 438 3040 c.
446 2997 470 3043 7.
488 2988 611 3040 AEscffints
627 3000 651 3040 et
665 2992 835 3040 Demosthenis
841 2993 916 3061 verba
922 3008 1049 3056 persequor
1059 3001 1167 3046 eatenum

67 3065 98 3107 ut
109 3073 138 3105 ea
152 3071 200 3105 non
211 3058 350 3105 abhorreant
363 3072 452 3105 amore
466 3064 550 3106 nostro.
582 3059 672 3106 Colum.
682 3058 699 3104 1.
708 3064 733 3107 5.
749 3073 770 3106 6.
782 3061 795 3106 1
808 3065 834 3104 et
844 3063 868 3106 5.
884 3065 909 3106 et
919 3060 982 3108 Cela.
993 3061 1011 3107 l.
1023 3064 1047 3108 5.
1056 3073 1078 3106 c.
1088 3062 1128 3108 26.
1138 3058 1168 3110 de

67 3123 188 3183 implendo
197 3125 300 3179 reluere,
312 3129 337 3169 et
352 3122 370 3171 l.
381 3127 404 3172 7.
414 3137 436 3170 6.
448 3124 487 3171 19.
498 3133 558 3169 extr.

106 3188 120 3216 ⁸
129 3187 228 3237 Straton.
242 3187 293 3236 lib.
303 3201 324 3234 c.
335 3189 375 3234 33.
402 3185 439 3234 Α6
458 3187 532 3250 primo
542 3195 641 3234 eatenus
655 3185 837 3242 interveniebat,
850 3203 880 3235 ne
891 3186 949 3251 quid
958 3202 1082 3252 perperam
1092 3187 1169 3238 fieret.

71 3252 166 3301 Colum.
177 3254 195 3300 1.
204 3258 228 3301 5.
242 3267 265 3300 c·
275 3257 299 3302 6.
320 3253 384 3301 Cela.
394 3251 410 3299 l.
418 3257 443 3301 5.
451 3267 473 3300 c.
485 3255 526 3300 28.
537 3261 561 3300 et
572 3252 589 3301 l.
597 3259 622 3299 et
633 3267 655 3300 c.
666 3256 690 3300 6.
700 3253 729 3301 de
739 3253 820 3302 imbec.
831 3254 917 3301 oculu.

357 3348 372 3378 ⁸
383 3354 408 3397 5.
419 3350 525 3398 Eatenus
536 3349 565 3397 de
578 3356 681 3413 tempore
697 3350 824 3412 pessimum
840 3357 883 3397 est.
980 3339 981 3342 Ἴ

87 3420 239 3493 'Capitolia
258 3430 283 3478 in
307 3430 425 3479 Gordian.
443 3431 541 3479 Junior.
562 3446 588 3494 p.
611 3434 667 3479 165.
699 3431 835 3480 Gordianus
855 3421 1003 3487 adolescens,
1025 3432 1067 3493 qui
1088 3429 1170 3480 Cesar

71 3502 173 3545 eatenus
183 3494 270 3552 iuerat,
280 3509 295 3542 a
304 3495 415 3542 militibus
422 3503 447 3543 et
454 3496 545 3559 popolo
557 3503 581 3542 et
589 3505 673 3543 senatu
686 3497 807 3558 Augustus
818 3505 854 3544 eat
866 3497 1009 3560 appellatus.
1036 3497 1106 3543 Oroe-
1116 3497 1135 3544 1.
1144 3500 1170 3545 6.

71 3577 96 3610 c.
107 3563 129 3608 l.
152 3559 208 3609 Hoc
218 3569 317 3608 eatenus
327 3560 415 3608 fectum
435 3568 480 3623 est,
496 3561 573 3609 donec
591 3560 702 3610 ioecunda
717 3561 845 3609 crudelitas
861 3576 966 3626 eousque
982 3561 1043 3608 inter
1053 3567 1171 3609 tormenta

72 3624 429 3688 acpertormauraproficeret‚
441 3623 610 3688 quamdiucet.
1226 3625 1228 3630 '

336 3720 352 3752 ¹*
360 3725 385 3771 6.
400 3724 480 3786 thue
490 3707 663 3786 quo-eatenus
673 3721 781 3784 pessima
792 3729 855 3770 notae
866 3729 910 3770 eat.
935 3745 937 3750 r

110 3793 181 3859 Oros.
190 3809 209 3857 1.
220 3814 244 3859 7.
255 3826 276 3859 c.
285 3815 325 3859 21.
345 3811 428 3874 Usque
440 3826 487 3875 quo
504 3811 536 3859 ed
549 3810 708 3874 profligandas
718 3811 831 3860 ecclesiae
841 3809 921 3860 edicta
931 3810 1003 3860 Decii
1014 3817 1172 3873 cucurrerant,

71 3876 173 3931 ealcum
182 3875 356 3925 incredibilium
364 3877 504 3926 morborum
518 3877 592 3941 pestis
608 3875 763 3929 interdicitur.

74 4181 77 4186 .
108 4139 122 4173 ⁹
134 4138 193 4186 Hac
205 4137 345 4200 significatIo
356 4145 381 4186 et
391 4138 508 4187 rarissima
518 4145 564 4194 est,
578 4145 603 4186 et
614 4153 645 4187 ex
656 4137 776 4201 superiore
787 4142 878 4183 manat.

110 4203 131 4235 ¹⁰
144 4205 235 4254 Seneca
248 4202 344 4272 quidem
359 4219 427 4252 mox:
450 4203 529 4252 Omne
539 4204 584 4252 lrac
597 4204 632 4252 ria
650 4202 760 4269 procedit
770 4201 884 4254 cilicium.
914 4201 1191 4271 Ergoeupropriauom
1293 4240 1299 4249 .

75 4277 114 4317 est
122 4267 265 4322 adverbium,
277 4283 321 4315 nec
329 4267 431 4317 calceus.
