2670 4636
539 216 763 278 PRAEFATIO.
1168 225 1188 281 9

86 362 171 425 libris
181 364 361 425 contrarium
376 365 514 446 placeat:
535 366 675 426 Germani
689 385 742 445 pro
757 364 944 445 simplicitate
966 384 1021 425 sua
1033 365 1188 426 ferendum

87 472 208 541 putant,
224 461 306 542 quod
319 471 433 522 mutare
447 478 609 541 nequeunt.

131 559 217 618 XlV.
240 559 357 619 Deinde
371 560 473 621 lectori
486 572 588 620 nostro
602 561 754 632 confirmo,
775 553 1007 632 observationes,
1021 579 1096 638 quas
1111 560 1187 621 Fac-

86 656 217 716 ciolatus
232 655 408 736 interposuit
422 659 542 730 nostris,
558 671 617 716 tam
633 677 745 736 paucas
759 676 837 726 esse,
852 670 886 716 ut
899 657 924 716 si
939 657 1005 735 quis
1020 655 1187 716 Germanus
1239 648 1247 664 ’

87 752 191 812 libello
216 773 268 813 eas
292 755 478 828 intexuisset,
494 757 523 814 in
546 755 719 834 praefatione
743 754 838 825 silere,
855 773 943 832 quam
956 771 1186 813 commemorare

88 834 233 910 maluisse
246 851 393 912 videatur.
473 850 481 867 ‘

132 947 200 1007 XV.
224 948 298 1008 Mihi
313 948 431 1027 quidem
443 969 496 1021 eae,
511 968 548 1007 ne
564 961 615 1008 aut
629 946 697 1007 Itali
711 959 764 1013 aut
778 946 919 1006 Germani
934 946 971 1006 de
986 947 1102 1006 illarum
1116 965 1187 1025 pau·

87 1045 180 1104 citate
194 1054 225 1104 et
238 1045 333 1125 pretio
346 1045 557 1119 existimarent,
565 1049 602 1104 ab
614 1045 865 1106 observationibus
875 1044 1031 1104 Tursellini
1039 1055 1069 1103 et
1077 1043 1186 1105 nostris

88 1141 174 1201 nulla
186 1152 258 1201 nota
269 1142 563 1203 discretae-videntur.
605 1143 645 1200 At
659 1142 737 1202 enim
752 1141 939 1201 Facciolatus
954 1141 1086 1201 libellum
1097 1160 1186 1220 quern

87 1258 201 1317 augere
216 1250 341 1318 poterat,
352 1240 472 1300 nimium
488 1259 619 1300 crescere
634 1239 740 1300 noluit.
783 1238 919 1298 Noluerit
932 1258 1015 1300 sane.

131 1336 215 1396 XVI.
244 1335 306 1396 Cur
326 1357 397 1415 ergo
426 1337 594 1409 admiscuit,
617 1357 685 1416 quse
707 1348 760 1396 aut
781 1335 888 1394 imitari
908 1354 994 1396 nemo
1016 1335 1186 1416 intelligens

88 1432 171 1502 velit,
185 1445 237 1491 aut
246 1433 344 1492 dubiae
358 1433 605 1513 interpretationis
616 1443 722 1515 putent
735 1433 854 1494 literati.
898 1431 1052 1511 inprimis,
1061 1433 1188 1512 exempli
1233 1512 1236 1517 Ι

87 1528 197 1606 gratia,
212 1548 266 1608 pro
276 1532 408 1609 primum
421 1552 437 1590 e
454 1530 598 1591 Sallustio
613 1531 690 1611 Jug.
706 1549 734 1589 c.
749 1531 799 1589 26.
814 1529 883 1608 poni
898 1530 1034 1590 affirmat.
1070 1531 1135 1608 Ego
1150 1551 1187 1592 ea

86 1625 129 1684 de
143 1646 174 1687 re
188 1623 331 1700 dubitavi,
343 1637 373 1686 et
387 1627 500 1688 dubito.
546 1628 640 1698 Quum
653 1646 706 1706 pro
719 1632 831 1704 quanto
845 1626 965 1686 retinuit
980 1625 1009 1685 in
1024 1625 1097 1686 libro
1112 1646 1185 1690 suo:

89 1741 149 1801 ego
177 1722 219 1796 id,
247 1723 303 1782 nisi
331 1725 516 1803 reperissem,
546 1743 695 1802 nunquam
725 1723 755 1781 in
782 1723 857 1782 libro
884 1742 950 1783 meo
978 1724 1185 1802 reposuissem.

93 1821 318 1899 Quamprimum
331 1840 388 1899 ego
409 1820 486 1880 idem
499 1820 597 1880 valere
611 1820 751 1892 dixeram,
767 1838 802 1879 ac
811 1823 911 1898 primo
933 1840 1044 1902 quoquc
1059 1830 1187 1901 tempore

89 1917 138 1975 vel
154 1918 411 1997 quomoelerrime.
452 1918 522 2009 lpse
536 1938 565 1996 p.
579 1920 648 1976 211.
663 1917 694 1975 id
709 1918 778 1996 poni
793 1928 943 1997 putatpro
957 1921 1187 1999 quamprimum
1287 1933 1291 1943 “

78 2013 159 2094 fieri
169 2016 276 2093 possit.
319 2014 486 2075 Obscurum
501 2015 747 2075 docereconatur
765 2018 900 2074 obscure.
943 2014 1017 2093 Pag.
1034 2018 1102 2076 146.
1124 2018 1186 2077 nisi

88 2131 144 2192 pro
160 2111 310 2173 duutuoot
331 2111 534 2191 accipiendum
553 2111 711 2172 existimat.
754 2112 814 2171 Sed
831 2112 1077 2191 significationem
1098 2113 1186 2174 istam

91 2217 200 2286 praeter
210 2198 423 2271 *necessitatem
438 2209 595 2270 confictam
609 2228 686 2280 esse,
699 2208 901 2287 intelligentes
916 2220 946 2268 et
959 2209 1038 2288 aequi
1050 2209 1186 2271 homines

90 2305 180 2365 facile
200 2325 254 2386 per
278 2326 310 2365 se
333 2306 489 2365 videbunt.
527 2305 602 2384 Pag.
616 2307 684 2364 142.
707 2306 853 2376 observat,
875 2305 964 2365 etiam
977 2305 1036 2366 dici
1050 2306 1187 2383 utibilest
1237 2306 1241 2314 '

90 2403 182 2476 uude,
197 2404 278 2463 uitii
289 2412 333 2463 est
351 2424 419 2485 quo.
462 2403 535 2471 Quis
559 2403 616 2462 hoc
642 2403 784 2475 novisset,
801 2403 857 2461 uisi
873 2421 953 2463 nunc
972 2401 1091 2463 demum
1109 2404 1186 2464 didi·

91 2501 205 2562 cisseti
247 2502 426 2583 Hujusmodi
443 2503 663 2562 observationes
683 2502 708 2561 si
728 2503 867 2583 aucupari
888 2515 919 2563 et
945 2501 1132 2563 alienissimis
1154 2502 1185 2561 in

91 2599 168 2659 locis
182 2617 324 2680 reponere
337 2599 552 2665 voluissemus:
575 2600 641 2679 quis
662 2598 767 2660 librum
790 2612 923 2661 nostrum
945 2601 976 2658 in
992 2599 1106 2659 ltaliam
1120 2617 1187 2677 per-

92 2695 231 2757 tulisset?
271 2697 347 2776 Pag.
365 2699 433 2756 133.
447 2695 505 2756 hoc
519 2706 575 2768 est,
590 2695 769 2756 alienissimo
782 2695 883 2756 itidem
895 2696 962 2756 loco
976 2685 1141 2775 nequidem
1155 2695 1185 2753 in

92 2790 295 2852 Romanorum
311 2793 427 2874 scriptis
438 2793 527 2852 etiam
537 2794 658 2853 inveniri
669 2792 802 2852 dictitat:
823 2792 904 2872 quod
918 2813 973 2852 nos
987 2791 1187 2853 commodiore

92 2887 159 2949 loco
179 2908 398 2950 monueramus.
441 2890 517 2950 Haec
539 2909 619 2949 nunc
643 2889 779 2949 attulisse
800 2889 873 2948 satis
897 2902 944 2949 est
968 2889 1007 2948 ad
1028 2889 1187 2949 discrimen

92 2996 205 3046 nostrae
217 2997 248 3045 et
262 2976 374 3046 Italicae
387 2987 525 3048 editionis
540 2985 756 3046 noscitandum.

134 3081 233 3140 XVII.
255 3080 334 3150 Quid
355 3085 408 3143 fiet
428 3094 526 3145 autem
549 3082 586 3142 de
602 3081 735 3142 imitandi
759 3083 919 3143 cautione?
961 3084 1055 3143 Nobis
1077 3099 1114 3141 ea
1134 3070 1185 3145 'res

93 3199 174 3238 curse
187 3179 283 3240 fuerat
295 3179 325 3238 in
340 3180 452 3260 primis.
494 3181 571 3239 Nam
585 3180 640 3238 etsi
655 3179 838 3239 Tursellinus
854 3181 965 3260 optima
986 3200 1112 3260 quaeque
1133 3201 1187 3260 po-

92 3276 239 3335 tissimum
255 3287 423 3355 spectarat:
446 3289 545 3337 tamen
561 3276 723 3351 identidem
744 3277 942 3337 admiscuerat
956 3277 1088 3357 improba
1102 3298 1186 3357 quaa-

94 3372 164 3432 dam
180 3382 211 3431 et
225 3373 336 3454 inepta.
379 3373 454 3433 Vide
468 3373 627 3452 particulas
631 3378 737 3453 jueta,
752 3377 849 3454 magis
861 3386 918 3435 cet.
962 3374 1068 3452 Neque
1081 3374 1193 3434 Cicero
1261 3369 1265 3375 ’

93 3470 158 3548 ipse
173 3469 258 3528 nobis
273 3489 487 3551 usquequaque
511 3470 615 3530 Cicero
629 3490 696 3530 esse
710 3471 872 3531 videbatur.
913 3472 992 3550 Ergo
1007 3490 1061 3530 nos
1082 3471 1187 3534 merito

93 3567 226 3626 cavimus
254 3567 503 3628 adolescentulis:
533 3587 624 3647 quum
651 3567 815 3649 praesertim
842 3587 929 3627 usum
948 3554 1038 3627 etia⁸m
1060 3567 1187 3648 particu-

93 3663 189 3723 larum
210 3664 308 3724 aetatis
332 3675 481 3743 argenteae
495 3664 650 3725 ostendere
673 3666 891 3736 statuissemus,
914 3660 1053 3744 quiquid
1073 3665 1109 3723 ab
1132 3683 1188 3746 usu

92 3759 192 3819 aetatis
207 3780 304 3820 aureae
319 3759 445 3834 differat,
459 3762 561 3841 paucis
576 3771 705 3831 constat.

134 3856 250 3917 XVllI.
272 3857 361 3927 Quod
384 3858 603 3918 Stevrechiauas
625 3857 844 3921 observationes
867 3876 885 3916 a
906 3856 1015 3916 nostris
1036 3875 1097 3916 nou
1122 3856 1190 3916 dili·

94 3964 199 4032 genter
221 3956 443 4030 secreverimus,
461 3955 565 4034 jejuna
587 3966 634 4015 est
658 3955 819 4015 accusatio.
870 3955 935 4033 Ego
954 3974 1044 4034 quum
1062 3975 1098 4015 ex
1115 3954 1188 4033 ipsis

93 4049 227 4111 fontibus
239 4051 339 4113 bibere
363 4052 532 4112 statuissem
555 4063 586 4112 et
602 4053 750 4112 biberem:
773 4052 882 4112 rivulos
901 4052 1066 4112 consectari
1087 4071 1190 4140 super·
1290 4062 1299 4073 '

93 4167 259 4207 vacaneum
274 4148 356 4209 duxi.
397 4149 467 4208 Non
488 4149 577 4228 igitur
600 4148 754 4208 Stewechii
775 4168 866 4227 opera
883 4169 1009 4228 usquam
1027 4171 1092 4209 snm
1105 4171 1188 4216 usus.

93 4245 213 4314 Quodsi
227 4246 303 4306 forte
317 4247 410 4326 Autor
420 4266 456 4308 ex
472 4246 615 4309 similibus
630 4257 719 4324 atque
732 4245 839 4306 iisdem
852 4248 1107 4310 observationibus
1120 4247 1190 4308 lurti

182 4343 268 4406 Tura.
1046 4343 1077 4401 b
