2670 4636
184 267 242 326 322
511 259 682 327 1101111111
709 252 1282 342 1111182111Ν115555555555555

584 411 599 438 ’
610 415 651 460 21.
670 411 876 474 Quantascunque.

225 493 353 542 515115.
364 492 432 545 Fam,
442 505 478 554 55.
489 495 512 540 1.
530 491 607 554 Regi·
616 491 728 540 Deiotari
737 491 826 554 copias,
837 497 1025 557 quantaecunque
1036 499 1102 548 sunt,
1117 498 1212 543 nostras
1230 505 1282 539 osse

190 559 262 607 duco.
294 558 501 608 1511555555.
516 555 539 604 N
542 572 568 604 as
579 572 627 604 non
638 556 821 613 desistebamus,
834 571 890 604 cum
905 557 970 604 amni
988 573 1077 621 genere
1096 555 1282 611 exercitationis,

190 631 242 671 tum
255 623 356 671 marimo
366 622 431 678 stilo,
442 629 547 669 nostrum
563 621 633 677 illud,
650 621 714 685 quod
732 628 792 677 eret,
805 634 899 684 augere,
914 630 1125 686 quantumcunque
1139 629 1200 671 eret.
1218 620 1282 670 Add.

191 689 230 737 ld.
240 703 283 750 pro
294 688 470 736 1155551152.
481 693 506 734 51
513 701 557 749 pro
567 684 643 735 Arei.
657 702 680 735 5.
692 688 717 734 11.

522 784 537 813 “
547 787 586 832 24.
605 783 947 846 Quantumcunque-tantum.

224 866 315 914 051551.
327 865 343 912 1.
356 868 395 914 12.
406 879 428 912 5.
439 869 480 913 25.
502 863 718 928 Quantumcunque
733 864 835 911 humoris
849 870 893 920 est,
909 872 999 913 tanturn
1015 863 1042 912 in
1056 863 1199 928 mpharam
1214 860 1282 911 musti

189 930 320 993 partionem
332 929 405 1000 adjici
415 936 517 993 oportet.

490 1026 505 1057 ⁶
516 1030 557 1076 25.
575 1026 980 1091 Quantumcunque—aititomiaus.

223 1107 342 1218 05155551.
354 1072 392 1157 12.
406 1123 427 1157 5.
439 1111 478 1158 59.
495 1106 710 1170 Quantumcunque
729 1104 846 1171 sdjeceris
860 1106 927 1163 salis,
941 1105 1097 1155 nihilominus
1112 1078 1280 1171 mporsmnon

189 1189 264 1236 recipi
286 1187 373 1220 oeum.

553 1271 568 1300 ⁵
579 1273 619 1319 25.
638 1270 898 1334 Quantascunque-ie.

224 1350 337 1400 51515.
349 1349 416 1399 Fam.
426 1365 462 1413 ep.
474 1355 497 1400 1.
519 1348 715 1414 Quantascunque
726 1350 771 1398 tibi
780 1350 927 1399 accessiones
937 1348 1102 1398 1551155555
1113 1357 1140 1398 et
1151 1347 1279 1413 1155115115,

189 1430 229 1464 eas
241 1424 266 1462 15
275 1429 323 1462 555
334 1414 452 1477 potuisses
462 1416 585 1479 consequi,
594 1417 642 1464 nisi
653 1415 713 1463 meis
722 1415 827 1464 consitiis
837 1431 897 1480 puer
907 1413 1036 1478 paruisses.

436 1513 450 1576 §
460 1509 497 1560 ΙΙ.
514 1516 537 1560 1.
556 1514 705 1575 Quantopere
721 1527 763 1576 pro
773 1518 894 1576 quantum,
904 1513 943 1560 vel
953 1526 1031 1576 quant

223 1592 372 1656 Quantopere
381 1590 482 1640 retertur
497 1593 527 1639 ed
540 1597 668 1655 tantopere,
680 1600 704 1640 et
715 1597 827 1655 quantem
838 1598 959 1655 autquasi
972 1590 1098 1654 signidem.
1130 1591 1184 1639 Cia.
1192 1589 1210 1636 Ι.
1221 1592 1243 1637 1.
1252 1591 1279 1638 de

191 1658 262 1706 Orat.
273 1672 295 1704 c.
308 1662 349 1706 55.
370 1655 457 1719 Neque
468 1656 530 1705 enim
541 1657 603 1706 11555
614 1657 800 1719 disputationem
818 1664 939 1719 tantopere
953 1655 1125 1710 desiderabam,
1136 1663 1280 1719 quantopere

188 1721 240 1784 ejus
250 1721 341 1770 rationo
353 1722 458 1769 delector
468 1727 513 1771 cet.
525 1723 563 1771 ld.
576 1727 590 1771 2
606 1722 675 1771 Verr.
687 1738 709 1771 c.
721 1724 762 1770 87.
789 1721 928 1785 Perspicere
938 1735 981 1768 vos
991 1727 1055 1768 certe
1067 1721 1126 1776 scio,
1135 1727 1279 1782 quantopere

189 1787 274 1834 Siculis
283 1787 328 1833 hoc
336 1787 456 1849 expediat.
487 1787 525 1835 ld·
537 1787 554 1834 l.
566 1790 606 1837 14.
618 1786 719 1848 51555.
731 1791 755 1835 6.
772 1785 830 1835 Dici
839 1801 886 1834 non
897 1792 985 1849 potest,
997 1792 1143 1849 quantopere
1153 1783 1279 1848 gendum,

110 1859 118 1911 ’,
189 1850 377 1900 Ἀ11.1.2.115
390 1850 443 1916 Off.
456 1866 479 1901 c.
491 1855 530 1900 lt.

526 1946 542 1975 ³
553 1949 577 1994 2.
597 1945 693 2001 Qttuata
704 1959 772 2008 opere
780 1944 934 2007 disjunctum.

223 2029 275 2077 015.
287 2029 303 2076 1.
315 2032 355 2076 13.
366 2029 435 2078 Fam.
445 2042 480 2090 55.
493 2030 517 2074 8.
538 2026 683 2089 Quantoque
700 2041 769 2089 opere
787 2025 839 2089 ejus
856 2024 982 2088 municipii
997 2038 1071 2072 cause
1086 2023 1223 2087 luborarem,
1237 2024 1280 2073 tibi

188 2093 291 2140 ostendi.
319 2094 358 2142 ld.
368 2093 384 2142 Ι.
393 2099 417 2142 2.
428 2095 457 2141 de
466 2093 527 2142 Nat.
538 2092 573 2140 D.
584 2095 655 2141 519.
673 2092 689 2140 J
691 2106 729 2139 sm
739 2105 796 2140 vero
807 2089 850 2137 ills
862 2090 935 2137 etima
944 2088 1038 2138 antima
1048 2088 1140 2144 videtis,
1150 2099 1241 2153 quanto
1251 2105 1281 2138 sa

189 2172 261 2220 opere
272 2156 410 2205 custodiant
419 2155 512 2212 bestiae,
523 2163 550 2202 51
561 2155 587 2202 15
598 2162 668 2219 pastu
682 2156 887 2219 circumspectant,
898 2163 925 2203 51
935 2155 960 2202 15
970 2152 1092 2205 cubilibus
1101 2153 1252 2205 delitescant·

615 2315 728 2366 CAPUT
745 2316 847 2367 ccxu.

520 2433 569 2492 De
584 2431 799 2511 Coajuaotione
819 2431 951 2500 Quina.

548 2563 563 2592 “
577 2568 599 2612 1.
619 2563 700 2619 Quare
710 2577 753 2626 pro
764 2563 824 2618 ideo,
835 2561 924 2623 itaque.

222 2643 273 2692 015.
284 2645 301 2691 1.
312 2648 337 2692 2.
357 2643 426 2693 Fam.
437 2657 473 2705 ep.
486 2647 509 2691 a.
534 2644 615 2701 Quare
633 2658 726 2691 omnem
742 2645 804 2690 hanc
820 2640 1005 2705 disputationem
1022 2638 1049 2686 in
1065 2638 1196 2687 adveutum
1213 2629 1279 2687 1555

194 2707 288 2758 differo.
307 2709 344 2759 ld.
359 2710 425 2759 1.11.
436 2709 491 2758 Ate.
501 2723 538 2772 ep.
548 2715 588 2758 22.
606 2710 685 2766 Quare
695 2708 761 2756 istud
769 2708 881 2755 feremus.
912 2705 952 2754 Ita
961 2719 1035 2768 smne.

432 2803 447 2834 ⁴
459 2809 483 2854 2.
503 2807 582 2861 Quare
592 2805 618 2852 in
629 2804 825 2868 interrogatione,
835 2820 881 2866 qua
891 2805 920 2853 de
930 2817 1022 2851 cauata.

222 2888 275 2936 015.
284 2886 300 2934 l.
312 2891 350 2936 11.
361 2886 417 2935 Ate.
428 2902 464 2949 ep.
478 2889 516 2934 15.
542 2886 581 2934 1)5
598 2885 614 2933 F
616 2885 733 2934 uffidinnis
744 2901 815 2947 quare
827 2884 890 2932 nihil
904 2883 983 2947 potuit
993 2879 1095 2930 confici?
1128 2881 1170 2933 Id.
1179 2881 1200 2933 1.
1210 2883 1270 2931 Me

190 2953 261 3002 Orat.
272 2968 294 3001 c.
313 2956 353 3001 15.
370 2951 481 3014 Namque
494 2950 556 2999 illud
567 2966 648 3015 quare,
659 2951 774 3008 Scaevola,
784 2949 878 3014 negasti
889 2959 911 2997 15
922 2949 996 2997 suaso
1006 2945 1128 2997 laturum?

408 3047 420 3072 ⁰
433 3052 456 3096 2.
476 3048 565 3105 Quare,
578 3064 620 3111 pro
633 3048 810 3112 propterquod,
824 3052 1001 3111 propterquam
1011 3050 1058 3092 515.

221 3129 272 3177 015.
284 3129 302 3176 1.
313 3133 338 3178 9.
349 3128 404 3178 Aet.
411 3144 447 3191 ep.
455 3133 495 3179 12.
513 3128 581 3177 Nihil
589 3129 686 3193 dignum
696 3128 807 3185 15515551,
815 3142 886 3191 quare
895 3127 945 3192 ejus
955 3125 1016 3189 lugae
1028 3122 1138 3172 comitem
1148 3138 1186 3171 me
1197 3123 1279 3189 adjun-

186 3209 274 3257 gerem.
307 3194 505 3254 Ialmenus
535 3194 573 3241 Sic
589 3194 634 3241 tibi
652 3194 794 3256 persuadeas
814 3191 895 3248 velim,
916 3206 989 3238 unum
1007 3188 1069 3235 mihi
1090 3203 1143 3236 esse
1160 3189 1278 3245 solatium,

187 3272 259 3320 quare
277 3257 371 3305 15511155
385 3259 471 3320 possim
486 3258 544 3321 pati,
563 3265 588 3305 15
610 3273 663 3306 esse
680 3258 732 3306 sine
752 3256 831 3304 nobis.
863 3258 902 3306 ld.
913 3255 1037 3319 55511555.
1048 3253 1105 3303 Am.
1117 3269 1141 3301 c.
1152 3257 1191 3302 19.
1217 3252 1279 3309 Quid

186 3337 244 3385 ergo
260 3323 420 3386 5115155555
436 3322 462 3370 id
478 3321 564 3372 lactum
581 3323 718 3386 putemust,
744 3323 783 3372 11.
797 3337 840 3385 pro
852 3322 969 3378 Quint-c.
982 3323 1098 3369 195121.
1109 3316 1280 3369 etin-Att-

185 3402 234 3482 φ’*
246 3452 305 3501 Huc,
316 3451 378 3501 refer
387 3466 417 3499 55
428 3454 548 3516 exemplo,
566 3451 592 3501 in
603 3452 692 3516 quibus
702 3450 816 3514 precedit
830 3464 916 3499 nomen
933 3463 1019 3499 canace.
1053 3448 1106 3497 015.
1115 3447 1134 3495 1.
1143 3452 1169 3498 8.
1177 3446 1236 3499 Δ11.
1244 3461 1280 3510 ep·

188 3523 228 3568 18.
244 3519 329 3573 Miror,
345 3515 404 3580 qnid
421 3533 500 3566 oausae
510 3516 591 3573 fuerit,
607 3532 680 3580 quare
695 3517 823 3567 consilium
839 3514 944 3563 mutaris.
962 3511 1104 3564 0555511.
1116 3512 1152 3563 Β.
1164 3513 1199 3563 G.
1211 3515 1281 3561 553.

186 3585 231 3648 §t
248 3583 307 3632 Haea
316 3581 363 3630 fuit
373 3597 453 3639 causa,
464 3599 536 3647 quare
554 3590 604 3631 toto
615 3583 725 3631 abessent
737 3582 802 3630 bello
812 3578 913 3637 Treviri,
929 3586 954 3627 51
964 3576 1044 3627 neutri
1053 3577 1144 3629 auxilia
1153 3576 1282 3646 mitterent.

189 3648 341 3697 0151215
357 3648 454 3697 lavent.
472 3665 494 3696 5.
508 3653 544 3698 10.
568 3648 655 3704 Causa,
667 3663 738 3710 quare
749 3645 891 3710 peccaverit,
903 3659 951 3693 nan
960 3642 1105 3692 intercessit.
1156 3665 1159 3671 ·

219 3713 281 3761 Item
293 3729 347 3760 cum
357 3712 480 3774 praecessit
489 3714 560 3762 55115.
595 3714 646 3762 015.
658 3712 751 3761 Partit.
762 3727 783 3759 c.
793 3714 834 3759 18.
849 3708 986 3766 Quaerenda
996 3709 1069 3757 etiam
1079 3705 1195 3764 55115551,
1205 3705 1283 3770 siqua

185 3778 275 3840 poterit
284 3776 392 3832 inveniri,
403 3792 474 3840 quare
483 3794 531 3826 non
539 3780 570 3826 sit
579 3785 714 3841 exceptum.
745 3777 785 3825 Id.
795 3776 811 3823 1.
821 3780 846 3824 2.
856 3778 885 3824 de
895 3775 982 3824 Dinia.
993 3789 1014 3821 5.
1025 3776 1048 3822 6.
1072 3772 1192 3821 Potestne
1202 3786 1281 3821 esrum

187 3859 275 3900 rernm,
286 3859 338 3905 quae
348 3842 410 3890 nihil
422 3844 513 3892 habent
523 3844 629 3900 rationis,
641 3857 712 3905 quare
722 3841 810 3889 luturae
820 3839 877 3897 sint,
890 3841 940 3888 ulla
949 3853 1000 3887 esse
1010 3837 1156 3903 presensio?

570 3939 582 3964 ⁸
594 3945 619 3990 1.
638 3940 727 3996 Quare,
738 3954 782 4002 pro
790 3953 835 4002 per
843 3954 904 4002 quae.

220 4023 307 4081 Plano.
317 4037 357 4085 ap.
374 4023 426 4072 015.
437 4023 455 4070 1.
470 4026 509 4071 10.
522 4021 587 4073 Fun.
597 4037 632 4083 ep.
642 4025 685 4073 21.
713 4019 801 4068 Omnia
815 4019 871 4078 feci,
889 4014 1081 4084 5555155115
1100 4014 1235 4082 conjuncto
1252 4015 1281 4065 ed

186 4086 359 4149 rempublicam
370 4087 552 4143 defendendam,
563 4086 664 4150 perditis
674 4084 817 4134 resisterem.

488 4184 499 4209 '
511 4192 535 4234 5.
554 4187 633 4242 Quare
644 4192 698 4248 post
709 4186 790 4242 miror,
803 4191 829 4232 et
839 4183 886 4232 5115
897 4182 976 4231 verba.

162 4333 184 4384 s
209 4268 280 4322 Ptin.
295 4269 313 4320 1.
324 4276 351 4321 51
362 4286 386 4322 5.
397 4273 439 4324 29.
461 4268 553 4337 Miror,
571 4283 646 4338 qnare
663 4266 791 4319 1115511155
802 4265 833 4315 in
844 4263 921 4315 115115
934 4262 966 4312 'nd
977 4260 1050 4313 nasei
1066 4258 1195 4313 tradiderit
1212 4258 1285 4312 solon

184 4352 320 4404 myrnaeus.

532 4450 536 4458 ·
607 4422 634 4473 *s

595 4486 607 4511 ι
