2670 4636
184 198 223 258 80
506 187 678 248 HORATII
708 187 951 250 TURSELLINI
1159 197 1272 276 [clm

213 355 335 421 Adjicitur
344 352 462 401 interdum
472 349 548 399 verbis
557 357 648 399 motum
665 349 846 400 declarantibus.
881 354 959 403 ctae
970 353 1061 418 Philip.
1073 372 1095 404 c.
1105 360 1130 406 3.
1146 355 1274 407 Decretum

180 429 227 480 est,
241 429 270 470 ut
279 419 408 468 exercitum
416 417 475 470 cius
485 418 572 488 flumen
582 416 736 466 Rubiconem
746 416 865 467 educeret.
872 423 894 450 ¹¹
911 421 995 469 Coeror
1005 421 1037 470 B.
1049 422 1084 470 G.
1092 422 1109 470 1.
1120 427 1145 473 5.
1155 439 1178 472 c.
1190 426 1216 471 8.
1226 425 1240 488 §
1250 429 1275 474 2.

573 513 588 544 ⁵
599 516 623 562 7.
635 514 705 563 Citra
723 513 753 562 de
769 498 885 577 tempore.

214 601 306 676 Colum.
317 599 367 646 l.2.
377 612 399 644 c.
410 598 434 644 8.
450 595 521 644 Locis
530 594 655 658 uliginosis
672 596 812 659 plerumque
829 596 888 645 citra
903 596 1014 646 calendas
1031 599 1143 648 Octobris
1159 601 1273 651 seminare

178 672 297 716 convena

536 762 559 807 3.
570 776 593 808 c.
608 759 678 808 Citra
688 773 730 822 pro
741 759 815 816 intro,
825 761 864 807 vel
875 760 933 810 rinc.

213 844 283 894 Citra
299 856 342 907 per
359 839 536 889 translationem
554 837 660 886 declarat
672 838 791 886 interdum
805 839 880 897 intra,
900 840 939 888 vel
957 842 1017 891 sine.
1051 844 1144 892 Colum.
1155 845 1172 891 l.
1184 847 1208 893 7.
1218 860 1239 892 c.
1249 849 1274 894 6.

177 908 245 958 Citra
253 908 384 956 satietatem
396 906 453 952 data
463 904 537 965 glans.
546 905 565 953 i.
574 920 595 952 e.
605 905 668 950 intra
679 905 819 961 satietatem,
833 905 866 952 ita
883 913 910 953 ut
920 921 951 953 ne
961 908 1083 954 satientur.
1111 909 1175 957 Cels.
1188 910 1206 958 l.
1218 913 1241 958 1.
1250 926 1273 957 c.

175 977 201 1024 2.
213 971 396 1020 Exercitationis
406 969 548 1033 plerumque
561 967 616 1014 finis
625 968 698 1015 debet
708 984 759 1016 esse
775 971 855 1025 sudor,
870 977 911 1017 aut
927 978 992 1018 certe
1008 971 1131 1030 lassitudo,
1142 988 1198 1037 quas
1216 973 1274 1022 citra

176 1037 341 1100 fatigationem
351 1036 390 1082 sit.
406 1035 510 1084 exercite
525 1033 609 1082 should
620 1033 647 1082 be
657 1034 784 1082 continued
802 1035 840 1083 till
855 1035 878 1084 it
893 1037 1013 1084 occasions
1027 1039 1154 1099 suerting,
1167 1053 1196 1086 or
1205 1043 1232 1086 ct
1241 1041 1275 1088 nll

175 1109 257 1152 wenta
267 1101 368 1150 somucb
377 1100 405 1159 os
411 1098 965 1161 wcunmssossnllaabortosubaolutesctignc.
980 1101 1048 1150 Plin.
1058 1103 1075 1152 l.
1087 1109 1113 1150 et
1131 1119 1153 1150 c.
1161 1107 1186 1152 3.
1206 1101 1273 1151 Citra

175 1167 298 1215 iasddium
316 1164 447 1213 nominare.
462 1163 480 1210 i.
492 1177 512 1211 e.
522 1163 572 1210 siue
583 1161 689 1210 fmtidio.
714 1164 754 1212 Id.
763 1163 780 1210 Ι.
790 1167 814 1213 7.
825 1180 848 1213 c.
859 1167 899 1213 29.
910 1164 975 1213 Citra
984 1165 1106 1214 invidiam.

599 1258 611 1283 ο
692 1261 697 1271 ⁸
737 1287 769 1297 σ-

210 1347 283 1396 Osid.
298 1345 315 1393 l.
326 1347 348 1393 ³·
360 1343 393 1393 A.
402 1341 434 1391 A.
447 1358 471 1389 v.
481 1345 538 1390 757.
554 1262 929 1408 Nevefldofnitiiraesiiiddldapea,
946 1345 989 1395 sed
1006 1345 1087 1394 desine
1104 1347 1172 1403 citra,
1193 1347 1272 1405 Quam

175 1411 256 1476 copies
271 1409 354 1474 paulo,
364 1422 434 1471 quam
445 1413 514 1470 potes
528 1421 589 1461 esse,
598 1406 686 1454 minus.

548 1504 584 1567 *ς
595 1502 645 1551 III.
657 1503 743 1552 Crrns
755 1505 900 1555 adverbium.

209 1589 285 1640 Tacit.
293 1590 310 1638 1.
321 1593 346 1640 3.
360 1587 430 1638 Hist.
441 1602 463 1634 c.
473 1586 536 1649 lint
548 1587 571 1632 5.
588 1583 648 1632 Tela
658 1584 762 1632 hostium
779 1585 839 1634 citra
849 1587 976 1638 cadebant.

597 1753 711 1803 CAPUT
734 1754 854 1804 XLVIII.

380 1858 430 1917 Dc
444 1854 604 1915 Aduerbiis
623 1853 753 1924 Oruros,
782 1854 1052 1927 Crro,Crrsr1n.

577 1970 600 2014 1.
613 1967 694 2016 Citius
709 1981 752 2029 pro
770 1967 859 2030 potius.

205 2058 305 2111 Currus,
317 2060 344 2101 ut
361 2051 480 2112 avulgata
495 2046 667 2111 significatione
682 2043 840 2121 discedamus,
855 2048 973 2096 interdum
992 2059 1118 2115 usurpatur
1128 2069 1173 2116 pro
1185 2059 1273 2120 Μία.

175 2124 252 2174 Cim
263 2120 330 2170 Pbil.
342 2134 364 2165 c.
375 2121 415 2166 11.
424 2115 502 2164 Citius
509 2113 608 2160 dixerim
614 2112 717 2177 jactasse
727 2127 753 2158 se
765 2113 864 2175 ahquos,
875 2120 904 2162 ut
911 2115 986 2162 fuisse
996 2115 1074 2164 inista
1082 2119 1197 2169 societate
1203 2123 1271 2171 vide.

170 2194 259 2242 rentur,
270 2200 323 2233 cum
334 2181 391 2231 socii
406 2194 456 2227 non
475 2178 583 2236 luissent,
600 2193 673 2240 quam
690 2185 718 2223 ut
731 2177 857 2240 quisquam
873 2181 950 2226 celare
967 2181 1049 2229 vellet.
1069 2182 1111 2231 Id.
1121 2184 1147 2231 in
1160 2187 1236 2236 Brut.
1248 2203 1271 2236 c,

171 2257 212 2302 67.
226 2251 286 2299 Eam
300 2247 369 2296 citius
382 2243 556 2306 veteratoriam,
572 2257 643 2304 quana
658 2243 782 2289 oratoriam
797 2242 896 2292 diceres.
914 2260 961 2308 you
972 2247 1050 2294 would
1059 2261 1152 2307 soona,
1162 2253 1214 2314 ξος
1224 2268 1272 2316 9⁰⁸

171 2317 250 2366 would
260 2314 352 2369 ratber,
363 2314 403 2375 t5c.

514 2403 530 2432 ⁸
541 2405 565 2450 2.
578 2403 634 2451 Cito
645 2417 688 2466 pro
700 2403 765 2460 bere,
774 2403 928 2464 fcrc,fceile.

207 2493 264 2543 Cito
285 2503 381 2555 quoquo
398 2500 569 2548 nonnunquam
586 2483 784 2548 significationem
802 2484 916 2548 ejusmodi
933 2485 1015 2543 babet,
1027 2501 1080 2550 qum
1091 2505 1146 2537 cum
1163 2489 1274 2552 superius

171 2564 286 2609 annotata
301 2552 436 2603 conveniat.
450 2551 502 2600 Cic.
513 2551 587 2598 Brut.
599 2565 622 2596 c.
631 2553 672 2598 76.
690 2548 719 2596 L.
726 2549 870 2611 Torquatum
883 2556 910 2598 tu
921 2565 969 2598 non
981 2558 1030 2598 tam
1041 2553 1089 2601 cito
1104 2555 1223 2602 rhetorem
1235 2554 1273 2602 di.

169 2624 252 2679 1111111.
263 2636 335 2686 quam
345 2613 475 2667 πολιτικόν·
507 2615 574 2663 Idem
582 2615 653 2676 pauo
663 2619 732 2664 onte:
751 2613 838 2676 Neque
844 2615 922 2662 verbis
927 2615 1049 2679 'aptiorem
1059 2617 1107 2665 cito
1117 2619 1193 2667 alium
1203 2617 1272 2668 dixe·

169 2690 221 2746 rim,
233 2701 313 2750 nsque
323 2682 446 2732 sententiis
456 2679 604 2729 crebriorem.
1159 2715 1161 2719 ,

586 2780 612 2826 8.
630 2777 712 2827 Citius
722 2791 764 2841 pro
772 2777 849 2841 puina.
1170 2851 1173 2855 Ι

201 2866 271 2917 Alias
292 2860 430 2930 proprius.
452 2859 528 2910 ctae
542 2858 611 2910 Verr·
628 2863 702 2908 obn.
720 2858 774 2907 Vox
790 2874 829 2907 sne
846 2857 916 2908 citius
932 2859 1056 2916 deiecerit,
1073 2877 1143 2923 quam
1166 2863 1272 2912 nomina.

169 2932 209 2982 Id.
228 2933 247 2979 l.
257 2937 282 2979 5.
298 2930 368 2980 Foru.
378 2943 413 2991 ep.
424 2931 448 2975 2.
468 2924 547 2973 Citius
558 2923 637 2972 amore
656 2923 691 2971 tui
709 2922 803 2971 butrem
823 2922 902 2972 odisse
919 2925 1034 2982 desinam,
1047 2941 1117 2988 quam
1134 2927 1200 2975 illius
1212 2928 1270 2976 odio

169 2995 333 3061 quicquamde
345 2989 512 3040 benevolentia
520 2996 600 3037 nostra
612 2989 779 3036 detrahatur.¹²
797 2989 836 3037 Id.
847 2990 1101 3039 desciscentem.
1113 2994 1139 3040 5.
1149 2992 1220 3044 Fun.
1231 3008 1268 3056 ep.

169 3065 210 3111 lt).

502 3157 527 3202 4.
540 3151 649 3206 Citctm,
661 3165 704 3212 pro
715 3150 802 3206 subdo,
813 3151 931 3200 celeriter.

202 3236 254 3286 Cic.
264 3236 320 3287 Au.
326 3235 345 3282 1.
357 3238 395 3284 14.
405 3249 441 3296 ep·
451 3235 492 3280 20.
503 3231 561 3279 Haec
573 3231 657 3294 scripsi
668 3229 769 3278 citatim.

585 3373 713 3439 [cucur
747 3375 840 3425 nuru.

542 3475 593 3534 De
613 3472 764 3536 Aduerbio
786 3474 897 3536 Casu.

200 3587 268 3635 Clam
278 3582 373 3649 proprie
384 3577 522 3628 adverbium
532 3589 571 3626 est
581 3585 606 3626 et
616 3577 705 3642 signat,
720 3579 813 3628 bomine
823 3580 979 3644 imprudente,
991 3581 1125 3633 bominibus
1142 3583 1266 3636 inscienti-

166 3650 209 3700 bus
220 3660 266 3699 cet.
273 3666 281 3709 3
289 3647 437 3698 witbouttbe
447 3646 584 3705 knowledge
594 3645 627 3704 os,
637 3645 754 3694 unknown
769 3650 804 3700 to,
817 3647 925 3711 seeretly.
953 3649 1035 3710 Nepos
1046 3649 1121 3698 Paua.
1136 3666 1158 3698 c.
1170 3654 1194 3700 2.
1211 3652 1265 3701 Hos

165 3717 226 3765 clam
238 3715 312 3763 Xerxi
322 3711 420 3762 remisit.

109 3822 111 3826 ,
197 3779 323 3828 Interdum
337 3776 431 3826 accedit
449 3789 517 3823 casus
535 3780 625 3837 sextus,
641 3773 683 3835 qni
701 3771 797 3822 aliunde
815 3773 913 3836 pendet.
943 3774 1008 3824 Vide
1026 3779 1203 3841 grammaticam
1220 3797 1264 3830 no-

164 3851 237 3892 suam
251 3846 264 3908 b
275 3847 331 3894 858.
345 3843 396 3892 cn.
406 3839 462 3890 An.
473 3839 489 3885 1.
501 3842 540 3886 15.
551 3854 587 3901 ep.
595 3842 626 3885 11.
637 3838 702 3894 Quin
713 3837 786 3885 etiam
797 3839 942 3901 pauloclam
951 3840 982 3887 iis
992 3856 1044 3889 eam
1055 3843 1115 3891 vidi.
1141 3844 1223 3895 dulor
1237 3846 1264 3896 in

164 3908 265 3959 Sallust.
274 3925 296 3958 c.
305 3913 328 3956 5.
344 3907 450 3962 ‘fimena
457 3918 488 3951 ne
499 3902 606 3951 facinora
616 3917 659 3950 sua
669 3902 732 3950 elam
741 3918 785 3950 vos
796 3911 886 3962 essent,
898 3906 1021 3954 confessus
1030 3915 1069 3954 est
1077 3914 1123 3958 etc.

196 4122 215 4153 ¹¹
224 4120 279 4168 Hoc
289 4119 423 4181 exemplum
430 4117 534 4167 auctoris
544 4123 590 4171 est,
600 4114 664 4178 quod
673 4130 718 4162 nos
728 4130 742 4162 a
752 4114 910 4178 superioribus
922 4115 1027 4166 avulsum
1036 4133 1064 4166 ac
1074 4118 1208 4184 sejunctum
1215 4123 1262 4171 lruc

160 4185 333 4236 monuimus.

182 4251 207 4280 ¹²
216 4250 276 4298 Hoc
286 4249 427 4313 exemplum
438 4247 495 4298 aliis
505 4246 537 4298 ad
548 4262 573 4298 n.
584 4250 606 4298 1.
615 4244 735 4312 pertinere
745 4245 862 4302 videatur.
