2670 4636
58 281 189 357 veron]
406 280 462 339 De
494 278 733 339 PARTlCULlS
765 288 822 340 ete.
1092 281 1152 341 295
1251 271 1277 337 .’

64 426 125 539 Fls
137 426 216 488 primu
223 427 345 491 prolimen
356 442 406 477 esce
415 441 458 491 pro
468 429 496 476 in
512 429 626 478 extremis
629 429 722 494 fluitur
736 428 874 490 provincie,
891 427 917 475 in
929 428 1003 476 editu.
1039 428 1091 477 Cic.
1100 428 1118 477 l.
1129 433 1154 479 3.

86 496 218 553 emend.

94 556 205 603 Primum
219 557 311 619 clipuid
321 557 416 616 secisse.
433 561 458 605 lo
476 558 533 606 luce
545 557 601 606 been
612 559 652 606 tle
663 558 722 621 first
738 564 761 617 lo
776 559 806 606 do
819 572 867 620 unp
884 557 962 619 tlting.
997 558 1153 612 0136133.

58 634 82 665 c.
97 621 121 666 8.
137 621 226 682 primus
236 622 378 670 sententium
393 621 470 669 dicere
481 629 525 670 etc.
560 624 614 671 Ter.
626 622 727 686 Adclplc.
738 627 761 668 5.
772 627 797 672 o.
814 621 875 670 Filio
885 621 958 670 hodie
970 624 1069 684 primam
1076 639 1152 671 mern·

30 701 36 706 ·
58 699 125 730 mum
136 685 212 734 dedit.
244 687 343 735 Primus
360 687 447 734 dicitur
463 687 536 732 etium
548 701 591 748 pro
607 687 730 748 primario.
756 686 820 735 Iul
838 687 905 735 Verr.
924 703 946 735 c.
957 692 997 736 26.
1013 688 1057 734 viri
1067 687 1151 749 primi:

56 747 116 798 add.
133 756 148 798 5
164 750 192 798 V.
203 766 226 797 c.
236 756 276 799 71.
299 752 471 813 etquicunque
488 751 512 797 in
528 752 608 813 aliquo
623 755 709 813 genere
723 757 765 798 unt
782 765 806 797 re
824 752 909 799 ceteris
923 760 1021 813 prestet
1032 762 1075 798 cut
1091 767 1153 814 prae-

59 814 166 874 ponitur.
199 816 255 866 Ter.
268 818 330 865 Eun.
342 819 366 864 3.
378 822 402 866 5.
420 816 519 878 primam
530 817 595 864 dices
605 816 757 880 (uirginem),
774 816 796 863 si
805 816 900 866 videris.
910 817 934 864 lt.
945 833 965 865 e.
980 817 1154 880 pulcerrimum.

60 877 126 925 Ibid.
140 881 163 925 1.
175 883 198 926 2.
217 881 304 941 primus
319 881 383 944 apud
398 888 422 928 te
433 889 478 927 est.
510 881 574 930 Ilici.
585 884 609 927 2.
620 886 644 930 2.
655 881 769 943 homines,
785 881 827 944 qui
843 896 896 929 esse
907 881 995 944 primos
1009 898 1036 929 se
1047 883 1153 931 omniurn

57 945 240 994 rerumvolunt.

396 1044 407 1068 ⁸
418 1047 442 1092 2.
459 1045 557 1092 Primus
571 1045 638 1099 ulter,
648 1009 768 1092 secundus
778 1053 826 1092 etc.

93 1117 125 1164 In
140 1120 213 1167 rebus
230 1123 396 1170 enumerandis
413 1130 467 1185 post
476 1125 568 1187 primun
578 1125 616 1170 vel
628 1124 702 1186 primi
712 1124 784 1170 verite
793 1125 832 1170 vel
843 1123 968 1196 adjectivis
978 1123 1017 1171 vel
1035 1123 1156 1174 adverbiis

58 1189 176 1231 utuntur:
195 1195 229 1241 ut,
241 1188 309 1243 ulter,
324 1189 395 1236 Vcrc.
407 1190 441 1238 ll.
453 1189 487 1236 R.
499 1189 514 1235 l.
525 1195 551 1235 et
560 1205 582 1235 c.
594 1193 618 1236 3.
627 1194 672 1236 etc.
681 1187 799 1235 secundus
811 1189 879 1238 Suet.
890 1190 962 1238 Dom.
973 1205 994 1236 c.
1002 1193 1027 1238 6.
1039 1191 1092 1238 Col.
1102 1190 1120 1237 l.
1130 1194 1157 1239 2.

60 1264 85 1295 c.
98 1250 138 1296 11.
150 1251 224 1297 ceteri
236 1252 304 1300 Hirl.
315 1254 344 1301 de
356 1254 419 1302 Bell.
431 1253 504 1302 Alex.
522 1269 544 1300 c.
556 1257 596 1301 13.
611 1254 624 1315 b
635 1259 675 1302 31.
690 1254 775 1314 reliqui
794 1252 857 1302 Cae·
868 1255 899 1302 B·
913 1255 945 1301 C.
957 1254 976 1300 l.
986 1258 1010 1302 3.
1021 1269 1044 1303 c.
1056 1258 1096 1303 58.
1112 1269 1156 1316 po·

60 1313 145 1360 strenri
162 1315 217 1362 Lis.
235 1317 252 1363 l.
265 1320 304 1365 38.
321 1333 343 1364 c.
362 1322 403 1366 40.
422 1322 454 1367 ld
472 1329 497 1365 et
515 1321 556 1365 53.
574 1326 694 1365 extremus
713 1319 764 1366 cic.
777 1319 806 1366 de
820 1319 872 1382 Off.
890 1319 907 1364 Ι.
918 1324 942 1368 3.
959 1335 980 1366 c.
990 1323 1015 1367 6.
1047 1327 1157 1381 posterus

61 1377 119 1426 Liu.
136 1379 205 1435 tus.
222 1397 242 1428 c.
255 1384 294 1430 18.
314 1382 453 1444 posteriores
474 1382 543 1432 Varr.
555 1382 588 1430 R.
604 1383 637 1430 R.
653 1383 670 1429 l.
682 1387 706 1431 3.
724 1399 746 1431 c.
759 1386 799 1430 12.
822 1384 940 1446 proximus
961 1383 1012 1434 Cic.
1030 1382 1082 1432 Ι.9.
1100 1383 1156 1435 All.

59 1456 99 1508 ep.
110 1447 136 1491 4.
149 1443 212 1492 Ceus.
224 1445 258 1493 Β.
270 1447 303 1494 G.
313 1447 332 1493 l.
344 1453 367 1496 2.
379 1463 401 1496 c.
411 1451 452 1496 27.

203 1559 205 1563 '
298 1566 322 1609 3.
339 1561 447 1616 Primus,
458 1562 527 1615 ulter,
537 1561 630 1610 tertius.
643 1576 682 1622 pr.
693 1562 814 1615 secundus,
826 1561 920 1610 tertius.

55 1632 57 1641 ’
96 1638 204 1696 Primus,
215 1642 285 1696 ulter,
296 1642 390 1698 tertius,
408 1642 530 1705 eleganter
546 1641 640 1687 dicitur.
661 1640 737 1688 ctus
752 1639 821 1688 Pltil.
831 1656 854 1687 c.
868 1644 908 1688 13.
928 1641 983 1688 Llc.
995 1642 1012 1687 l.
1024 1645 1065 1690 34.
1082 1645 1158 1691 c-19.

59 1702 109 1752 sed
120 1712 199 1754 temen
216 1707 288 1754 etiam
299 1721 342 1770 pro
351 1709 422 1764 ulter,
433 1709 547 1756 secundus
557 1705 676 1754 interdum
686 1705 791 1769 ponitur.
810 1706 862 1754 Cic.
873 1704 889 1754 l.
901 1709 925 1753 1.
937 1707 1006 1756 Fam.
1016 1721 1052 1770 ep·
1064 1711 1088 1756 2.
1213 1715 1215 1718 ’

379 1819 392 1844 ”
402 1825 426 1870 4.
445 1821 553 1876 Primus,
562 1820 695 1884 proximius,
706 1820 790 1869 deinde
800 1826 848 1868 etc.

96 1899 128 1947 In
138 1900 354 1948 enumerationibus
367 1903 494 1965 plurimum
500 1902 604 1964 partium
612 1902 682 1948 variis
693 1902 730 1948 vel
739 1899 863 1962 adjectivis
871 1900 907 1947 vel
917 1900 1039 1964 particulis
1049 1905 1158 1956 utuntur,

61 1972 103 2024 ut,
118 1965 218 2028 prim,
226 1969 356 2027 proximus,
375 1969 467 2016 deinde.
497 1968 548 2017 Cic.
559 1968 587 2016 de
599 1966 651 2031 Off.
663 1967 679 2012 l.
690 1972 713 2016 1.
723 1983 745 2016 c.
759 1969 798 2014 ll.
814 1980 850 2027 pr.
864 1972 927 2028 post,
942 1965 1039 2015 deinde.
1055 1967 1095 2014 ld.
1105 1966 1122 2013 l.
1132 1970 1158 2013 3.

61 2046 87 2078 e.
100 2032 141 2079 24.
157 2030 236 2094 primi,
245 2037 381 2092 sequentes,
392 2033 522 2079 novissimi.
556 2032 624 2080 Suet.
638 2033 700 2079 Caec.
712 2048 733 2079 c.
745 2035 785 2078 56.
802 2030 879 2092 primi,
890 2031 955 2088 dein,
965 2040 1059 2094 postea.
1092 2031 1160 2082 Pllu.

64 2095 103 2144 fl.
116 2096 244 2144 N.l.6.c.
256 2100 280 2145 l.
296 2096 377 2160 primi,
389 2105 518 2153 tuntum.
552 2097 607 2144 tic.
619 2096 739 2145 l.9.c.6.
759 2095 851 2144 Clade
863 2095 1010 2160 ΟΜΝ.
1024 2100 1063 2145 13.

482 2272 595 2322 CAPUT
627 2271 747 2323 CXCIII.

481 2389 531 2447 De
552 2383 745 2448 Purucrero.

101 2521 125 2564 1.
150 2515 294 2563 Purucrero
312 2516 467 2581 subintelligit
479 2518 513 2574 in,
525 2525 550 2565 et
564 2517 683 2580 significet
694 2517 758 2566 idem
770 2517 834 2579 quod
845 2518 925 2566 lollio.
937 2517 1074 2582 firsl,firsl
1084 2517 1161 2576 oscll,

64 2582 96 2631 in
104 2581 210 2646 tlrefirrl
216 2584 292 2644 place.

401 2677 425 2721 2.
442 2671 568 2735 Principio
578 2676 650 2734 alque
658 2687 667 2729 ,·
688 2687 716 2720 cc
725 2686 781 2720 soon
792 2687 828 2721 uc.

63 2788 67 2795 .
102 2755 186 2828 Pleni.
197 2755 302 2803 Marcet.
313 2757 337 2804 1.
349 2758 423 2803 1.40.
446 2753 571 2817 Principio
587 2762 658 2819 atque
678 2752 771 2800 animm
788 2752 888 2815 ephebis
905 2758 975 2800 etate
995 2753 1064 2809 exiit,
1081 2768 1159 2802 eruere

65 2833 141 2881 conpr.

463 2914 476 2938 ’
487 2919 511 2967 3.
528 2915 663 2977 Principio,
679 2919 770 2977 pecten.

104 2997 160 3056 Lis.
171 2996 189 3044 l.
199 3001 239 3047 30.
247 3012 270 3044 c.
279 3000 318 3046 14.
336 2994 458 3058 Principio
467 2996 493 3043 in
504 2993 659 3057 Hispaninad
666 2995 812 3058 jungendum
822 3009 917 3044 mecum
927 2993 1056 3042 amicitiam
1065 2993 1161 3050 venisti,
1199 2990 1202 2996 '

67 3069 95 3111 et
111 3069 196 3125 posteo
210 3061 237 3108 in
256 3060 338 3109 Africa
352 3068 376 3108 te
395 3062 473 3123 ipsum
489 3060 515 3106 in
533 3060 606 3108 fidem
625 3076 701 3108 meum
718 3060 863 3108 commisisti.
896 3061 951 3108 Cic·
963 3060 979 3106 l.
991 3065 1015 3109 2.
1031 3061 1059 3108 de
1075 3059 1161 3108 Dicin.
1201 3073 1206 3087 ⁸

66 3144 92 3175 c·
103 3132 143 3176 35.
163 3127 209 3175 lus
228 3141 342 3188 augurum
359 3126 406 3173 etsi
426 3125 578 3173 divinationis
595 3125 706 3187 opinione
726 3125 843 3188 principio
859 3127 1014 3173 constitutum
1030 3125 1070 3182 sit,
1081 3132 1162 3172 tumen

62 3200 156 3256 ‚postea
164 3192 303 3255 reipublIcae
312 3203 384 3239 cause
394 3200 558 3239 conservatum
570 3206 598 3239 uc
607 3198 737 3240 retentum.

382 3305 397 3336 ⁵
408 3311 433 3355 4.
450 3307 849 3370 Principio—deinde-poelremc.

103 3385 160 3434 nic.
171 3387 188 3433 l.
199 3389 241 3436 22.
252 3402 273 3434 c.
284 3391 325 3436 28.
342 3386 462 3448 Principio
479 3388 559 3436 levem
574 3397 714 3437 meramnum
729 3388 842 3445 demittit,
853 3386 942 3436 deinde
953 3389 1057 3437 conferto
1068 3386 1161 3450 agmine

61 3451 147 3521 ‘mittit
163 3453 271 3516 equites:
289 3458 411 3515 postremo
421 3452 542 3500 instruens
551 3452 686 3528 legionibus
700 3454 817 3517 procedit.
877 3521 878 3524 Ἴ

488 3629 601 3678 CAPUT
634 3629 749 3679 CXCIV.

107 3797 115 3809 .
142 3745 193 3804 De
207 3746 332 3806 Nomine
346 3746 455 3805 Purou
468 3755 500 3806 et
515 3746 664 3806 Aduerbio
678 3745 795 3817 Purus,
809 3747 879 3805 ileu
901 3745 1088 3806 Purvcrru.

105 3875 119 3939 §
131 3874 154 3922 Ι.
164 3877 187 3922 1.
198 3873 287 3922 Purou
297 3883 322 3923 et
332 3863 483 3922 Posr'nnrou
494 3875 524 3922 de
535 3875 628 3922 duobus
637 3873 755 3920 dicuntur.
776 3873 827 3921 Cic.
839 3873 864 3920 in
875 3873 930 3921 Pis.
940 3887 962 3920 c.
976 3874 999 3918 l.
1015 3872 1058 3919 Me
1070 3870 1163 3919 aedilern

64 3974 68 3981 .
102 3938 178 3986 iorem
197 3949 222 3988 et
240 3947 365 4003 pretorem
384 3940 486 4002 primunr
504 3941 608 4004 populus
629 3939 754 3987 Romanus
775 3939 842 3986 lecit.
875 3940 914 3987 lul.
928 3952 972 3999 pre
993 3937 1079 3993 Quint.
1096 3952 1120 3986 e.
1139 3941 1164 3987 2.

70 3954 158 4052 lirim
175 4003 229 4052 loco
238 4019 332 4053 cauum
352 4003 442 4053 dicere.
475 4005 513 4053 ld.
526 4011 541 4052 5
556 4005 624 4054 Vere.
634 4021 658 4054 c.
670 4011 710 4053 55.
730 4003 760 4051 Id
775 4005 826 4065 jum
843 4003 919 4066 priore
929 4001 1032 4063 actione,
1047 4017 1103 4050 curn
1113 4002 1164 4052 lraec

70 4075 148 4116 testes
164 4069 281 4126 dicerent,
294 4070 409 4116 intellexi
442 4071 481 4118 Id.
493 4071 566 4118 Brut.
578 4086 599 4117 c.
611 4075 651 4119 21.
677 4069 779 4132 Ingenii,
795 4069 923 4125 literarum,
937 4067 1089 4129 eloquentie,
1100 4066 1165 4130 sepi·

71 4135 147 4184 entiae
163 4134 266 4196 donique
278 4136 324 4182 etsi
339 4136 432 4196 utrique
448 4135 546 4198 primap‚
561 4135 652 4196 priores
667 4141 748 4182 temen
763 4134 866 4181 libenter
880 4132 989 4180 deferunt
1007 4131 1090 4180 Laelio.
1124 4133 1165 4180 ld.

70 4199 89 4247 l.
101 4201 167 4248 &de
184 4200 240 4248 Flu.
254 4214 277 4245 c.
290 4204 332 4249 23.
348 4200 429 4256 Quid?
455 4199 573 4263 posterius
588 4199 716 4262 priodnou
727 4197 853 4249 convenit?
881 4199 921 4249 ld.
934 4199 991 4249 bb.
1001 4199 1076 4247 sun.
1086 4199 1181 4257 rep-XI·

70 4262 159 4312 Priore
167 4271 275 4326 tempora
291 4263 315 4309 in
326 4264 400 4313 ruinis
411 4264 548 4330 reipublice
564 4266 699 4334 nostrisque
708 4264 857 4335 jeeuemnt3
872 4265 1015 4333 posteriore
1026 4267 1170 4310 numium
1177 4269 1199 4314 3.

63 4325 358 4376 mriuenduretnrdumnt.
1078 4349 1081 4354 «
