2670 4636
159 239 202 299 ⁴⁴
445 237 619 308 nostru
650 210 898 301 consenum
1105 246 1263 320 [nram.

155 402 238 467 paitru
251 400 341 452 Grecis.
369 403 408 452 Id.
422 404 494 454 Orat.
510 421 532 454 c.
545 408 586 453 15.
597 403 655 452 Νοιι
665 403 851 455 declamatorem
863 407 967 471 aliquem
983 406 1014 454 ds
1031 404 1096 462 ludo,
1112 403 1157 454 ssd
1172 393 1264 452 doctis·

160 469 247 518 simum
256 473 281 516 et
289 467 490 532 perfectissimum
500 471 627 533 quaerimus
637 477 762 518 oratorem.
1148 486 1152 494 ·

435 564 448 591 ‘
459 570 483 617 ⁷.
493 567 590 631 Aliquis
600 583 644 632 pro
651 584 698 618 non
708 583 817 631 mugnus
828 585 875 619 non
884 571 980 619 multus.

192 645 289 710 Aliquis
299 662 364 711 saepe
374 647 440 695 idem
450 650 523 704 valet,
534 649 596 711 quod
608 664 656 697 noo
666 665 774 712 magnus,
785 667 832 700 non
841 652 963 714 pessimus,
975 665 1022 700 non
1032 651 1129 698 mullus.
1148 643 1263 719 (quicun-

160 726 213 775 que,
228 714 403 776 qualiscunque,
420 714 566 774 audiveris.)
583 714 635 762 Cio.
647 715 665 761 l.
674 719 698 764 2.
709 717 777 765 Fons.
788 732 823 779 ep.
833 719 857 763 2.
874 717 929 773 Qua
939 715 1026 780 injuria
1036 728 1106 762 nemo
1116 726 1225 774 unquam
1234 723 1264 756 m

161 778 242 839 aliquo
258 778 396 840 magistratu
413 778 604 841 improbissimus
620 778 680 826 civis
698 781 798 828 affectus
809 788 860 839 est;
877 797 905 827 ea
915 797 951 828 me
963 781 1084 828 consulem
1102 775 1190 831 affecit,
1207 789 1264 822 cum

159 843 422 953 relqnpoblmernassem.
433 845 472 892 ld.
483 845 499 892 l.
510 848 532 890 5.
538 859 573 906 ep.
586 847 626 918 ltl.
638 845 782 906 (Parentes)
792 845 872 893 miuus
882 845 963 921 miseri
973 845 1063 920 (sunt),
1073 843 1114 906 qui
1125 842 1161 953 Ἥ
1171 849 1264 951 temrqq·

158 907 501 1036 llllll‘ttltmltltl:
510 924 579 1020 tlt?
591 909 721 1037 121111
732 911 1149 1039 ltntltltttttlttt‘lt
1160 920 1265 1018 ru...

160 1035 191 1084 de
202 1036 334 1099 cupiditate
346 1037 426 1085 Caesar
435 1039 572 1096 dimisisset,
583 1053 668 1103 pacem
678 1040 786 1088 stabilem
797 1041 866 1089 nobis
876 1041 963 1088 habers
973 1039 1091 1088 licuisset.

254 1149 267 1174 ⁶
279 1153 303 1198 8.
318 1150 414 1215 Aliquis
429 1169 484 1201 cum
501 1151 598 1201 nomine
619 1153 720 1216 proprio,
742 1169 784 1217 pro
800 1155 893 1204 nomine
907 1155 1008 1217 quadum
1023 1151 1172 1216 appellativo.

184 1229 237 1279 cte.
246 1231 295 1280 lu.
306 1231 376 1281 Fam.
385 1236 465 1297 epld.
477 1235 492 1298 i
506 1237 530 1283 5.
543 1233 588 1281 Est
595 1241 675 1282 tamen
690 1235 795 1283 ebenum
806 1234 944 1297 adigniteoe
955 1241 1004 1290 tua,
1015 1231 1080 1295 qnod
1097 1230 1146 1294 ipsi
1156 1229 1265 1293 Agame-

159 1295 243 1343 mnoni
252 1296 305 1358 regi
314 1311 399 1359 regum
409 1298 456 1346 fuit
464 1300 606 1360 honestum
623 1299 710 1346 babere
721 1299 826 1362 aliquem
835 1300 861 1347 in
873 1299 980 1347 consiliis
991 1297 1127 1345 Nestorem.
1136 1311 1152 1344 u
1164 1297 1265 1344 Nestor.

160 1359 261 1423 (Neque
271 1375 372 1410 necesse
389 1370 427 1410 est
442 1380 496 1411 cum
511 1364 607 1411 nomine
623 1364 744 1428 conjungi,
758 1379 836 1426 neque
847 1379 890 1427 pro
901 1363 998 1410 nomine
1009 1360 1156 1426 appellativo
1166 1359 1265 1423 ponitur

159 1423 186 1471 in
197 1425 241 1471 hac
252 1425 428 1488 conjunctione.
463 1429 545 1477 Cicero
555 1430 584 1477 cle
597 1429 690 1491 Topicis
701 1428 718 1475 l.
729 1433 753 1477 7.
773 1430 842 1477 Fam.
851 1443 887 1491 ep.
901 1431 940 1475 19.
957 1427 1040 1476 Urium
1051 1441 1123 1489 quem
1140 1425 1265 1473 doctorem

161 1487 306 1538 desiderant.
316 1491 358 1540 ubi
367 1493 461 1556 plume
475 1494 587 1542 Cicerone
597 1494 710 1556 exempla
717 1493 798 1541 attulit
810 1492 945 1555 Groeoius.)

589 1589 605 1619 'l
615 1594 639 1640 9.
650 1590 733 1652 Mqior
745 1591 841 1654 aliquis.

166 1715 170 1721 .
192 1667 290 1732 Aliquis
295 1669 405 1734 jungitur
414 1671 543 1735 aliquando
553 1671 730 1734 comparativis.
752 1672 842 1735 (Immo
853 1672 963 1736 gradibus
973 1668 1092 1726 omnibus,
1102 1684 1182 1733 neque
1196 1667 1223 1716 iu
1233 1683 1265 1717 eo

160 1739 200 1782 est
210 1735 303 1798 aliquid
314 1737 457 1801 peculiare.)
470 1738 522 1786 Cio.
539 1737 554 1786 1.
565 1740 590 1784 2.
598 1740 627 1786 de
640 1738 711 1785 Oret.
725 1752 747 1785 c.
756 1740 781 1785 3.
794 1737 886 1786 Omnes
896 1736 1012 1792 admirati,
1029 1736 1144 1800 majorem
1159 1735 1264 1798 aliquam

160 1813 214 1861 esse
225 1815 322 1848 causam
333 1817 416 1850 eorum
426 1801 544 1850 adventus
555 1801 670 1865 suspicati
680 1809 745 1849 sunt.
761 1802 817 1851 bio.
824 1803 887 1852 1.44.
894 1819 916 1851 c.
925 1806 966 1852 43.
978 1803 1080 1850 Perseus
1089 1807 1211 1861 metuens,
1221 1814 1265 1863 ue,

160 1863 203 1928 qui
213 1864 295 1914 venire
307 1864 338 1913 ad
348 1881 375 1914 se
386 1867 525 1922 abnuerent,
536 1866 611 1930 majus
621 1867 713 1930 aliquid
722 1881 780 1914 mox
790 1867 915 1923 auderent,
926 1874 1011 1931 quarta
1019 1865 1102 1930 vigilia
1111 1864 1225 1929 profugit.

441 1980 457 2010 ⁴·
466 1985 505 2030 lo.
515 1980 611 2045 Aliquis
621 1989 647 2030 et
656 1981 748 2044 aliquid
756 1982 865 2039 iteratur,
876 1989 903 2029 ut
911 1981 982 2031 alius.

177 2059 292 2125 ‘Aliquis
308 2061 408 2110 iteratur
424 2060 553 2111 interdum.
588 2063 639 2111 Cio.
655 2063 774 2112 ilPoronl.
785 2079 807 2112 c.
818 2066 841 2110 1.
874 2063 915 2110 An
926 2067 1098 2125 temperantem
1115 2058 1183 2107 dices
1200 2074 1265 2118 eum,
1305 2090 1316 2103 .

161 2125 204 2191 qui
217 2126 284 2173 sein
301 2127 384 2189 aliqua
397 2127 497 2175 libidine
513 2127 666 2185 continuerit,
681 2129 709 2176 in
722 2128 802 2190 aliquo
814 2127 942 2176 effuderit?
959 2128 1015 2177 Lio.
1032 2127 1050 2173 l.
1061 2128 1101 2175 42.
1117 2140 1139 2172 c.
1152 2128 1192 2174 39.
1209 2124 1266 2193 ΑΗ.

162 2189 221 2252 qnid
230 2189 269 2237 illi
286 2191 359 2254 regias
368 2192 497 2256 majestati,
513 2193 605 2257 aliquid
620 2193 646 2240 hi
660 2193 745 2256 populi
759 2192 865 2241 Romani
880 2191 972 2241 nomini
986 2191 1154 2240 existimabant
1172 2189 1266 2238 deberi.

162 2255 231 2305 Plin-
241 2255 307 2305 llo.
316 2272 337 2304 c.
345 2260 369 2306 t.
387 2257 476 2307 Seneca
486 2259 515 2307 de
526 2259 564 2307 iro
575 2259 592 2306 1.
603 2261 627 2306 3.
638 2274 660 2306 c.
669 2261 709 2306 12.

199 2408 203 2421 .
358 2352 370 2377 '
382 2358 422 2402 11.
432 2355 609 2419 Aliqui—olii:
618 2356 846 2419 aliqui-nonnulli.-
857 2355 1070 2419 aliqui-quidum.

194 2430 237 2480 Ad
253 2447 384 2496 pronomen
402 2435 478 2498 aliqui
494 2436 614 2484 interdum
631 2435 838 2499 respondentolii‚
856 2437 973 2492 nonnulli,
983 2435 1088 2498 quidum.

196 2498 295 2547 Plinius
305 2499 322 2547 l.
329 2501 370 2548 24.
381 2515 404 2548 c.
415 2504 455 2548 15.
467 2499 520 2547 init.
536 2499 622 2563 Aliqui
637 2515 692 2548 eam
702 2502 798 2550 herbam
813 2501 1010 2564 chamaedropem,
1027 2499 1069 2546 alii
1086 2496 1206 2546 Teucrion
1223 2515 1269 2564 ap-

163 2561 296 2626 pellavere.
328 2565 367 2613 Id.
377 2566 394 2613 l.
406 2568 446 2612 25.
457 2581 478 2613 c.
488 2569 514 2614 ⁷.
531 2564 662 2613 Heraclion
682 2572 770 2613 vocant
783 2566 867 2630 aliqui,
880 2565 921 2613 alii
936 2565 1060 2627 rhopalon,
1071 2579 1086 2610 a
1098 2563 1179 2612 radice
1191 2565 1266 2612 clavas

162 2626 244 2676 simili.
262 2629 301 2676 Io.
317 2628 334 2675 l.
343 2633 383 2678 15.
397 2645 419 2677 c.
431 2633 471 2677 30.
491 2629 580 2678 Postea
594 2645 716 2678 accessere
730 2645 833 2692 generat
848 2631 928 2690 tinus3
946 2631 1007 2677 hano
1021 2628 1156 2687 silvestrem
1173 2629 1266 2678 laumm

163 2691 240 2753 aliqui
257 2692 404 2757 intelligunt,
415 2693 525 2742 nonnulli
543 2695 581 2743 sui
598 2696 692 2758 generis
707 2697 824 2744 arborem.
860 2697 951 2746 Colum.
962 2694 980 2741 l.
990 2699 1017 2741 et
1028 2709 1050 2742 c.
1060 2697 1086 2742 2.
1105 2693 1155 2743 Ubi
1165 2696 1267 2743 solutior

163 2757 249 2806 humus
263 2765 309 2814 est,
324 2757 411 2823 aliqum
421 2758 493 2806 fossas
509 2759 569 2807 fiunt
583 2766 704 2824 patentes,
715 2760 823 2823 quaedam
839 2759 913 2807 etiam
929 2759 1089 2807 obcoecantur.

570 2872 583 2897 ⁶
594 2877 635 2923 12.
643 2873 858 2938 Aliquis—omnis.

197 2952 294 3017 Aliquis
312 2960 339 3002 et
357 2955 435 3004 omnis
446 2963 606 3019 opponuntur.
640 2956 692 3004 Cic.
703 2954 730 3003 in
745 2957 820 3004 Brut.
841 2971 863 3004 c.
878 2957 918 3003 82.
933 2955 1012 3013 Quem
1022 2953 1095 3018 igitur
1105 2953 1220 3002 imitaris?
1244 2956 1266 3005 ei

165 3017 280 3080 aliquem,
292 3019 371 3068 crateri
381 3035 437 3083 ergo
445 3020 529 3069 Attice
539 3036 588 3069 non
599 3020 721 3069 dicebant.
736 3020 758 3068 si
768 3035 858 3078 omnes,
870 3021 911 3084 qui
920 3028 996 3083 potes,
1008 3036 1062 3067 cum
1073 3019 1122 3066 aiut
1136 3020 1185 3082 ipsi
1196 3021 1268 3068 dissi-

165 3081 260 3130 millimi
279 3084 343 3132 inter
359 3085 401 3132 se?
419 3086 475 3134 Lis.
485 3088 503 3133 1.
513 3090 554 3135 45.
565 3102 586 3134 c.
600 3089 640 3134 36.
656 3085 714 3133 Non
734 3085 813 3132 omnia
828 3086 855 3133 in
876 3085 952 3142 ducis,
971 3083 1061 3148 aliquid
1076 3092 1102 3132 et
1118 3084 1145 3132 in
1162 3085 1266 3134 militum

165 3161 239 3196 mauu
250 3155 296 3198 est.
330 3149 369 3200 ld.
381 3150 398 3197 l.
411 3153 435 3198 o.
445 3153 515 3201 c.18.
526 3151 577 3198 etl.
586 3153 627 3219 39.
638 3166 661 3199 c.
673 3154 714 3198 15.

566 3247 582 3277 ⁴·
593 3251 634 3296 13.
648 3247 866 3310 Aliquis-nouos.

201 3324 285 3376 Senes·
293 3343 329 3390 ep.
337 3333 378 3378 75.
394 3330 497 3378 Morbus
514 3335 554 3378 est
570 3327 643 3376 animi
660 3328 687 3375 in
703 3342 789 3388 magno
807 3326 885 3390 pretio
905 3328 993 3376 habere
1009 3327 1036 3376 iu
1051 3326 1131 3390 aliquo
1147 3318 1266 3385 habenda,

166 3390 207 3437 vel
216 3390 243 3439 in
253 3392 329 3443 nullo.
345 3394 366 3444 it
381 3395 472 3458 issollq
483 3400 508 3443 to
518 3399 555 3442 set
565 3408 579 3441 o
589 3392 649 3454 laigls
658 3393 726 3443 salue
737 3406 798 3454 upon
809 3393 861 3442 etat
878 3393 955 3442 nobule
970 3395 992 3444 is
1008 3395 1035 3443 in
1050 3393 1138 3457 reality
1150 3395 1214 3455 good
1222 3394 1267 3452 sor

166 3455 230 3505 little
239 3472 267 3506 or
275 3458 386 3522 nothing.
409 3459 447 3524 (n.
456 3463 496 3516 12,
506 3462 545 3507 13.
555 3457 645 3505 nullius
656 3472 714 3504 usus
724 3456 802 3521 sunt.)

536 3555 598 3604 ’14.
615 3553 711 3618 Aliquis
727 3556 898 3618 terrepetitur.

203 3635 308 3692 Quintil.
319 3638 367 3690 1.,4.
379 3654 400 3685 c.
408 3641 433 3687 2.
452 3636 540 3699 Neque
556 3634 646 3684 infitias
660 3651 698 3693 eo,
715 3636 741 3683 in
751 3637 893 3704 ¹narratione
910 3645 937 3685 ut
952 3636 1033 3698 aliqua
1050 3635 1169 3701 neganda,
1186 3636 1268 3701 aliqua

166 3699 308 3765 adjicienda,
324 3702 404 3766 aliqua
415 3702 538 3758 mutanda,
554 3702 588 3750 sic
600 3701 682 3765 aliqua
691 3701 764 3750 etiam
772 3701 881 3750 mcenda.

382 3815 393 3839 ·
406 3819 446 3864 15.
455 3814 726 3879 Aliqui-olii-multi.
743 3815 1050 3880 Aliqui—nlii-nonnulli.

201 3897 299 3948 Plinius
310 3899 327 3944 1.
337 3901 377 3946 37.
387 3902 440 3946 etl.
457 3897 529 3945 Tales
538 3913 643 3959 gemmas
655 3897 729 3961 aliqui
739 3899 833 3946 malunt
844 3900 978 3961 paederotas
988 3896 1076 3952 vocari,
1086 3895 1127 3943 alii
1137 3903 1267 3954 anterotas,

167 3963 239 4012 multi
256 3962 359 4011 Veneris
378 3977 503 4025 gemmam.
539 3965 581 4012 lo.
597 3964 616 4011 l.
626 3966 667 4012 24.
686 3981 708 4010 c.
720 3967 760 4012 15.
793 3962 872 4011 Graeoi
892 3963 1031 4012 clematidas
1050 3969 1076 4009 et
1094 3962 1153 4009 alies
1169 3963 1269 4018 habent,

168 4044 251 4090 uuam,
267 4042 340 4091 quam
350 4027 428 4090 aliqui
437 4028 533 4076 echiten
544 4035 640 4092 vocant,
651 4029 693 4076 olii
705 4029 817 4092 leginem,
827 4028 938 4076 nonnulli
947 4036 1046 4076 tenuem
1056 4027 1235 4076 scammoniam.

457 4140 468 4164 ⁸
481 4145 520 4190 16.
532 4140 982 4206 Aliquo-multo-plutimo-omnia.

203 4223 308 4282 Quintil.
316 4237 415 4286 procem.
422 4222 466 4271 lib.
473 4226 496 4271 1.
512 4223 542 4271 In
552 4223 589 4271 his
605 4224 672 4273 libris
682 4231 753 4273 erunt
764 4223 850 4273 eadem
868 4223 956 4287 aliqua,
967 4223 1042 4274 multa
1052 4229 1152 4281 mutata,
1166 4223 1270 4290 plurima

161 4288 270 4355 [adjectu
280 4288 361 4338 omnia
369 4304 427 4338 vero
438 4289 614 4354 compositiora.

136 4548 267 4594 Δ
