<?xml version="1.0" encoding="UTF-8"?>
<!DOCTYPE html PUBLIC "-//W3C//DTD XHTML 1.0 Transitional//EN"
    "http://www.w3.org/TR/xhtml1/DTD/xhtml1-transitional.dtd">
<html xmlns="http://www.w3.org/1999/xhtml" xml:lang="en" lang="en">
 <head>
  <title>
</title>
<meta http-equiv="Content-Type" content="text/html;charset=utf-8" />
  <meta name='ocr-system' content='tesseract 3.04.00' />
  <meta name='ocr-capabilities' content='ocr_page ocr_carea ocr_par ocr_line ocrx_word'/>
</head>
<body>
  <div class='ocr_page' id='page_1' title='image "./horatiiturselli00schwgoog/horatiiturselli00schwgoog_0091.png"; bbox 0 0 2670 4636; ppageno 0'>
   <div class='ocr_carea' id='block_1_1' title="bbox 157 224 1266 322">
    <p class='ocr_par' dir='ltr' id='par_1_1' title="bbox 157 224 1266 322">
     <span class='ocr_line' id='line_1_1' title="bbox 157 224 1266 322; baseline 0.009 -29"><span class='ocrx_word' id='word_1_1' title='bbox 157 238 207 307; x_wconf 64' lang='lat' dir='ltr'><strong>st</strong></span> <span class='ocrx_word' id='word_1_2' title='bbox 490 236 664 307; x_wconf 74' lang='lat' dir='ltr'><strong>nostru</strong></span> <span class='ocrx_word' id='word_1_3' title='bbox 693 224 937 303; x_wconf 72' lang='lat' dir='ltr'><strong>&#39;russanum</strong></span> <span class='ocrx_word' id='word_1_4' title='bbox 995 227 1000 232; x_wconf 81' lang='grc'><strong>’</strong></span> <span class='ocrx_word' id='word_1_5' title='bbox 1175 243 1266 322; x_wconf 62' lang='grc' dir='ltr'><strong>ιω-</strong></span> 
     </span>
    </p>
   </div>
   <div class='ocr_carea' id='block_1_2' title="bbox 198 405 1271 555">
    <p class='ocr_par' dir='ltr' id='par_1_2' title="bbox 198 405 1271 555">
     <span class='ocr_line' id='line_1_2' title="bbox 536 405 1259 468; baseline -0.004 -7"><span class='ocrx_word' id='word_1_6' title='bbox 536 411 552 444; x_wconf 69' lang='lat'>⁸</span> <span class='ocrx_word' id='word_1_7' title='bbox 562 415 586 461; x_wconf 78' lang='grc'><strong>1.</strong></span> <span class='ocrx_word' id='word_1_8' title='bbox 600 409 677 468; x_wconf 72' lang='lat' dir='ltr'><strong>Cum</strong></span> <span class='ocrx_word' id='word_1_9' title='bbox 688 405 897 467; x_wconf 68' lang='lat' dir='ltr'><strong>ebear-statim.</strong></span> <span class='ocrx_word' id='word_1_10' title='bbox 1252 439 1259 458; x_wconf 81' lang='grc'><strong>-,</strong></span> 
     </span>
     <span class='ocr_line' id='line_1_3' title="bbox 198 486 1271 555; baseline -0.003 -17"><span class='ocrx_word' id='word_1_11' title='bbox 198 488 251 539; x_wconf 74' lang='lat' dir='ltr'><strong>cic.</strong></span> <span class='ocrx_word' id='word_1_12' title='bbox 261 489 280 539; x_wconf 89' lang='grc'><strong>1.</strong></span> <span class='ocrx_word' id='word_1_13' title='bbox 291 495 316 542; x_wconf 84' lang='grc'><strong>2.</strong></span> <span class='ocrx_word' id='word_1_14' title='bbox 327 493 357 544; x_wconf 84' lang='lat' dir='ltr'><strong>de</strong></span> <span class='ocrx_word' id='word_1_15' title='bbox 368 497 439 547; x_wconf 82' lang='lat' dir='ltr'><strong>Orat.</strong></span> <span class='ocrx_word' id='word_1_16' title='bbox 449 512 471 545; x_wconf 88' lang='lat' dir='ltr'><strong>c.</strong></span> <span class='ocrx_word' id='word_1_17' title='bbox 482 498 524 545; x_wconf 84' lang='grc'><strong>22.</strong></span> <span class='ocrx_word' id='word_1_18' title='bbox 534 494 596 544; x_wconf 83' lang='lat' dir='ltr'><strong>curu</strong></span> <span class='ocrx_word' id='word_1_19' title='bbox 606 507 659 541; x_wconf 84' lang='lat' dir='ltr'><strong>rem</strong></span> <span class='ocrx_word' id='word_1_20' title='bbox 676 489 774 555; x_wconf 88' lang='lat' dir='ltr'><strong>penitus</strong></span> <span class='ocrx_word' id='word_1_21' title='bbox 783 503 927 553; x_wconf 76' lang='lat' dir='ltr'><strong>canumque</strong></span> <span class='ocrx_word' id='word_1_22' title='bbox 938 487 1055 554; x_wconf 69' lang='lat' dir='ltr'><strong>cognovi:</strong></span> <span class='ocrx_word' id='word_1_23' title='bbox 1072 486 1156 537; x_wconf 63' lang='lat' dir='ltr'><strong>mutim</strong></span> <span class='ocrx_word' id='word_1_24' title='bbox 1167 487 1271 535; x_wconf 75' lang='lat' dir='ltr'><strong>accurdt</strong></span> 
     </span>
    </p>
   </div>
   <div class='ocr_carea' id='block_1_3' title="bbox 163 552 1270 686">
    <p class='ocr_par' dir='ltr' id='par_1_3' title="bbox 163 552 1270 686">
     <span class='ocr_line' id='line_1_4' title="bbox 163 552 1270 624; baseline 0 -22"><span class='ocrx_word' id='word_1_25' title='bbox 163 552 253 613; x_wconf 79' lang='lat' dir='ltr'><strong>animo,</strong></span> <span class='ocrx_word' id='word_1_26' title='bbox 264 571 318 621; x_wconf 82' lang='lat' dir='ltr'><strong>quse</strong></span> <span class='ocrx_word' id='word_1_27' title='bbox 336 561 367 607; x_wconf 86' lang='lat' dir='ltr'><strong>sit</strong></span> <span class='ocrx_word' id='word_1_28' title='bbox 380 575 454 611; x_wconf 84' lang='lat' dir='ltr'><strong>causa</strong></span> <span class='ocrx_word' id='word_1_29' title='bbox 468 559 584 624; x_wconf 77' lang='lat' dir='ltr'><strong>ambigui.</strong></span> <span class='ocrx_word' id='word_1_30' title='bbox 612 557 713 607; x_wconf 78' lang='grc'><strong>1111.</strong></span> <span class='ocrx_word' id='word_1_31' title='bbox 724 555 781 606; x_wconf 77' lang='lat' dir='ltr'><strong>Ars.</strong></span> <span class='ocrx_word' id='word_1_32' title='bbox 792 569 828 618; x_wconf 84' lang='lat' dir='ltr'><strong>ep.</strong></span> <span class='ocrx_word' id='word_1_33' title='bbox 839 557 881 603; x_wconf 86' lang='grc'><strong>22.</strong></span> <span class='ocrx_word' id='word_1_34' title='bbox 896 554 966 603; x_wconf 85' lang='lat' dir='ltr'><strong>Idem</strong></span> <span class='ocrx_word' id='word_1_35' title='bbox 983 569 1038 603; x_wconf 86' lang='lat' dir='ltr'><strong>cum</strong></span> <span class='ocrx_word' id='word_1_36' title='bbox 1055 553 1180 612; x_wconf 81' lang='lat' dir='ltr'><strong>faciemus,</strong></span> <span class='ocrx_word' id='word_1_37' title='bbox 1196 552 1229 602; x_wconf 80' lang='lat' dir='ltr'><strong>ad</strong></span> <span class='ocrx_word' id='word_1_38' title='bbox 1243 559 1270 607; x_wconf 77' lang='lat' dir='ltr'><strong>te</strong></span> 
     </span>
     <span class='ocr_line' id='line_1_5' title="bbox 163 619 1256 686; baseline 0.005 -19"><span class='ocrx_word' id='word_1_39' title='bbox 163 619 245 669; x_wconf 76' lang='lat' dir='ltr'><strong>statim</strong></span> <span class='ocrx_word' id='word_1_40' title='bbox 261 622 395 686; x_wconf 84' lang='lat' dir='ltr'><strong>mittemus,</strong></span> <span class='ocrx_word' id='word_1_41' title='bbox 406 633 433 675; x_wconf 89' lang='lat' dir='ltr'><strong>ut</strong></span> <span class='ocrx_word' id='word_1_42' title='bbox 443 627 512 685; x_wconf 86' lang='lat' dir='ltr'><strong>scias,</strong></span> <span class='ocrx_word' id='word_1_43' title='bbox 523 625 565 674; x_wconf 87' lang='lat' dir='ltr'><strong>ubi</strong></span> <span class='ocrx_word' id='word_1_44' title='bbox 575 625 658 674; x_wconf 80' lang='lat' dir='ltr'><strong>sinus.</strong></span> <span class='ocrx_word' id='word_1_45' title='bbox 1253 652 1256 656; x_wconf 20' lang='grc' dir='ltr'><strong>Δ</strong></span> 
     </span>
    </p>
   </div>
   <div class='ocr_carea' id='block_1_4' title="bbox 543 716 882 780">
    <p class='ocr_par' dir='ltr' id='par_1_4' title="bbox 543 716 882 780">
     <span class='ocr_line' id='line_1_6' title="bbox 543 716 882 780; baseline -0.018 -6"><span class='ocrx_word' id='word_1_46' title='bbox 543 723 555 749; x_wconf 80' lang='grc'><strong>”</strong></span> <span class='ocrx_word' id='word_1_47' title='bbox 567 727 593 775; x_wconf 80' lang='grc'><strong>1.</strong></span> <span class='ocrx_word' id='word_1_48' title='bbox 607 716 667 772; x_wconf 75' lang='lat' dir='ltr'><strong>Cum</strong></span> <span class='ocrx_word' id='word_1_49' title='bbox 676 716 882 780; x_wconf 54' lang='lat' dir='ltr'><strong>{rebem-tuac.</strong></span> 
     </span>
    </p>
   </div>
   <div class='ocr_carea' id='block_1_5' title="bbox 78 798 1270 1069">
    <p class='ocr_par' dir='ltr' id='par_1_5' title="bbox 78 798 1270 1069">
     <span class='ocr_line' id='line_1_7' title="bbox 199 798 1270 867; baseline -0.008 -13"><span class='ocrx_word' id='word_1_50' title='bbox 199 806 252 857; x_wconf 79' lang='lat' dir='ltr'><strong>cie.</strong></span> <span class='ocrx_word' id='word_1_51' title='bbox 271 807 289 855; x_wconf 93' lang='lat' dir='ltr'><strong>l.</strong></span> <span class='ocrx_word' id='word_1_52' title='bbox 307 810 332 856; x_wconf 97' lang='grc'><strong>1.</strong></span> <span class='ocrx_word' id='word_1_53' title='bbox 348 808 379 857; x_wconf 83' lang='lat' dir='ltr'><strong>de</strong></span> <span class='ocrx_word' id='word_1_54' title='bbox 397 807 455 863; x_wconf 68' lang='lat' dir='ltr'><strong>Fls.</strong></span> <span class='ocrx_word' id='word_1_55' title='bbox 470 823 493 857; x_wconf 93' lang='lat' dir='ltr'><strong>c.</strong></span> <span class='ocrx_word' id='word_1_56' title='bbox 508 811 549 857; x_wconf 88' lang='grc'><strong>17.</strong></span> <span class='ocrx_word' id='word_1_57' title='bbox 566 805 630 855; x_wconf 85' lang='lat' dir='ltr'><strong>Cum</strong></span> <span class='ocrx_word' id='word_1_58' title='bbox 648 819 686 860; x_wconf 83' lang='lat' dir='ltr'><strong>oa,</strong></span> <span class='ocrx_word' id='word_1_59' title='bbox 706 818 760 867; x_wconf 78' lang='lat' dir='ltr'><strong>quas</strong></span> <span class='ocrx_word' id='word_1_60' title='bbox 774 801 949 866; x_wconf 68' lang='lat' dir='ltr'><strong>preteriensut,</strong></span> <span class='ocrx_word' id='word_1_61' title='bbox 970 799 1021 849; x_wconf 87' lang='lat' dir='ltr'><strong>acri</strong></span> <span class='ocrx_word' id='word_1_62' title='bbox 1037 798 1116 847; x_wconf 81' lang='lat' dir='ltr'><strong>animo</strong></span> <span class='ocrx_word' id='word_1_63' title='bbox 1134 802 1161 846; x_wconf 87' lang='lat' dir='ltr'><strong>et</strong></span> <span class='ocrx_word' id='word_1_64' title='bbox 1174 802 1270 846; x_wconf 71' lang='lat' dir='ltr'><strong>amam</strong></span> 
     </span>
     <span class='ocr_line' id='line_1_8' title="bbox 164 867 1268 942; baseline -0.006 -25"><span class='ocrx_word' id='word_1_65' title='bbox 164 867 301 931; x_wconf 88' lang='lat' dir='ltr'><strong>intuemur;</strong></span> <span class='ocrx_word' id='word_1_66' title='bbox 325 879 383 922; x_wconf 90' lang='lat' dir='ltr'><strong>tuuo</strong></span> <span class='ocrx_word' id='word_1_67' title='bbox 405 873 434 921; x_wconf 85' lang='lat' dir='ltr'><strong>fit</strong></span> <span class='ocrx_word' id='word_1_68' title='bbox 450 880 477 921; x_wconf 92' lang='lat' dir='ltr'><strong>ut</strong></span> <span class='ocrx_word' id='word_1_69' title='bbox 496 889 516 920; x_wconf 85' lang='lat' dir='ltr'><strong>ae</strong></span> <span class='ocrx_word' id='word_1_70' title='bbox 545 870 614 920; x_wconf 84' lang='lat' dir='ltr'><strong>‘tudo</strong></span> <span class='ocrx_word' id='word_1_71' title='bbox 629 877 752 933; x_wconf 85' lang='lat' dir='ltr'><strong>sequatur.</strong></span> <span class='ocrx_word' id='word_1_72' title='bbox 783 867 858 930; x_wconf 76' lang='lat' dir='ltr'><strong>(lieo</strong></span> <span class='ocrx_word' id='word_1_73' title='bbox 879 871 992 942; x_wconf 75' lang='lat' dir='ltr'><strong>poterant</strong></span> <span class='ocrx_word' id='word_1_74' title='bbox 1012 879 1062 913; x_wconf 90' lang='lat' dir='ltr'><strong>uno</strong></span> <span class='ocrx_word' id='word_1_75' title='bbox 1081 877 1268 938; x_wconf 72' lang='lat' dir='ltr'><strong>numeropoas·</strong></span> 
     </span>
     <span class='ocr_line' id='line_1_9' title="bbox 78 928 1269 1069; baseline -0.013 -80"><span class='ocrx_word' id='word_1_76' title='bbox 78 1020 85 1033; x_wconf 41' lang='grc'>1</span> <span class='ocrx_word' id='word_1_77' title='bbox 163 935 435 1069; x_wconf 44' lang='lat' dir='ltr'><strong>ffichippldlhapp’ppne</strong></span> <span class='ocrx_word' id='word_1_78' title='bbox 451 938 540 997; x_wconf 83' lang='lat' dir='ltr'><strong>omitti,</strong></span> <span class='ocrx_word' id='word_1_79' title='bbox 556 951 606 985; x_wconf 88' lang='lat' dir='ltr'><strong>non</strong></span> <span class='ocrx_word' id='word_1_80' title='bbox 626 935 692 984; x_wconf 86' lang='lat' dir='ltr'><strong>euim</strong></span> <span class='ocrx_word' id='word_1_81' title='bbox 707 933 820 998; x_wconf 83' lang='lat' dir='ltr'><strong>indigent</strong></span> <span class='ocrx_word' id='word_1_82' title='bbox 833 933 1008 987; x_wconf 80' lang='lat' dir='ltr'><strong>observatione,</strong></span> <span class='ocrx_word' id='word_1_83' title='bbox 1025 945 1070 979; x_wconf 88' lang='lat' dir='ltr'><strong>nec</strong></span> <span class='ocrx_word' id='word_1_84' title='bbox 1089 930 1128 976; x_wconf 85' lang='lat' dir='ltr'><strong>hae</strong></span> <span class='ocrx_word' id='word_1_85' title='bbox 1139 928 1269 993; x_wconf 30' lang='lat' dir='ltr'><strong>,particulae</strong></span> 
     </span>
    </p>
   </div>
   <div class='ocr_carea' id='block_1_6' title="bbox 370 1091 1070 1161">
    <p class='ocr_par' dir='ltr' id='par_1_6' title="bbox 370 1091 1070 1161">
     <span class='ocr_line' id='line_1_10' title="bbox 370 1091 1070 1161; baseline -0.016 -10"><span class='ocrx_word' id='word_1_86' title='bbox 370 1104 396 1150; x_wconf 79' lang='grc' dir='ltr'><strong>δ.</strong></span> <span class='ocrx_word' id='word_1_87' title='bbox 410 1102 487 1161; x_wconf 78' lang='grc' dir='ltr'><strong>Οιιιιι,·</strong></span> <span class='ocrx_word' id='word_1_88' title='bbox 497 1101 581 1160; x_wconf 64' lang='lat' dir='ltr'><strong>whom</strong></span> <span class='ocrx_word' id='word_1_89' title='bbox 599 1103 685 1148; x_wconf 80' lang='lat' dir='ltr'><strong>ettam</strong></span> <span class='ocrx_word' id='word_1_90' title='bbox 696 1097 727 1146; x_wconf 84' lang='lat' dir='ltr'><strong>ad</strong></span> <span class='ocrx_word' id='word_1_91' title='bbox 736 1104 834 1160; x_wconf 84' lang='lat' dir='ltr'><strong>tempus</strong></span> <span class='ocrx_word' id='word_1_92' title='bbox 842 1093 949 1143; x_wconf 78' lang='lat' dir='ltr'><strong>futurum</strong></span> <span class='ocrx_word' id='word_1_93' title='bbox 957 1091 1070 1142; x_wconf 82' lang='lat' dir='ltr'><strong>relata.¹⁷</strong></span> 
     </span>
    </p>
   </div>
   <div class='ocr_carea' id='block_1_7' title="bbox 159 1170 1272 1908">
    <p class='ocr_par' dir='ltr' id='par_1_7' title="bbox 159 1170 1272 1908">
     <span class='ocr_line' id='line_1_11' title="bbox 167 1170 1270 1246; baseline -0.004 -20"><span class='ocrx_word' id='word_1_94' title='bbox 167 1170 169 1174; x_wconf 64' lang='grc'><strong>’</strong></span> <span class='ocrx_word' id='word_1_95' title='bbox 199 1178 260 1228; x_wconf 75' lang='lat' dir='ltr'><strong>Cum</strong></span> <span class='ocrx_word' id='word_1_96' title='bbox 271 1186 297 1228; x_wconf 89' lang='lat' dir='ltr'><strong>at</strong></span> <span class='ocrx_word' id='word_1_97' title='bbox 313 1185 364 1230; x_wconf 81' lang='lat' dir='ltr'><strong>tum</strong></span> <span class='ocrx_word' id='word_1_98' title='bbox 373 1188 471 1246; x_wconf 87' lang='lat' dir='ltr'><strong>tempus</strong></span> <span class='ocrx_word' id='word_1_99' title='bbox 479 1182 587 1231; x_wconf 83' lang='lat' dir='ltr'><strong>futurum</strong></span> <span class='ocrx_word' id='word_1_100' title='bbox 602 1193 773 1243; x_wconf 85' lang='lat' dir='ltr'><strong>nonnunquam</strong></span> <span class='ocrx_word' id='word_1_101' title='bbox 787 1176 922 1239; x_wconf 82' lang='lat' dir='ltr'><strong>designant.</strong></span> <span class='ocrx_word' id='word_1_102' title='bbox 951 1176 1004 1225; x_wconf 84' lang='lat' dir='ltr'><strong>Cic.</strong></span> <span class='ocrx_word' id='word_1_103' title='bbox 1016 1176 1085 1224; x_wconf 92' lang='grc'><strong>1.16.</strong></span> <span class='ocrx_word' id='word_1_104' title='bbox 1097 1174 1170 1224; x_wconf 82' lang='lat' dir='ltr'><strong>Fam.</strong></span> <span class='ocrx_word' id='word_1_105' title='bbox 1180 1187 1218 1236; x_wconf 83' lang='lat' dir='ltr'><strong>ep.</strong></span> <span class='ocrx_word' id='word_1_106' title='bbox 1229 1176 1270 1222; x_wconf 90' lang='lat'><strong>11.</strong></span> 
     </span>
     <span class='ocr_line' id='line_1_12' title="bbox 164 1238 1269 1313; baseline -0.005 -22"><span class='ocrx_word' id='word_1_107' title='bbox 164 1241 191 1291; x_wconf 86' lang='lat' dir='ltr'><strong>Si</strong></span> <span class='ocrx_word' id='word_1_108' title='bbox 205 1244 310 1311; x_wconf 76' lang='lat' dir='ltr'>valebis,</span> <span class='ocrx_word' id='word_1_109' title='bbox 324 1261 379 1295; x_wconf 86' lang='lat' dir='ltr'><strong>cum</strong></span> <span class='ocrx_word' id='word_1_110' title='bbox 396 1254 462 1296; x_wconf 87' lang='lat' dir='ltr'><strong>recte</strong></span> <span class='ocrx_word' id='word_1_111' title='bbox 477 1246 583 1312; x_wconf 82' lang='lat' dir='ltr'><strong>navigari</strong></span> <span class='ocrx_word' id='word_1_112' title='bbox 593 1247 689 1313; x_wconf 86' lang='lat' dir='ltr'><strong>poterit,</strong></span> <span class='ocrx_word' id='word_1_113' title='bbox 707 1252 758 1292; x_wconf 86' lang='lat' dir='ltr'><strong>tum</strong></span> <span class='ocrx_word' id='word_1_114' title='bbox 776 1243 883 1306; x_wconf 79' lang='lat' dir='ltr'><strong>naviges.</strong></span> <span class='ocrx_word' id='word_1_115' title='bbox 912 1241 978 1291; x_wconf 82' lang='grc'><strong>111.</strong></span> <span class='ocrx_word' id='word_1_116' title='bbox 989 1243 1030 1290; x_wconf 88' lang='grc'><strong>14.</strong></span> <span class='ocrx_word' id='word_1_117' title='bbox 1043 1241 1111 1290; x_wconf 81' lang='lat' dir='ltr'><strong>Fam.</strong></span> <span class='ocrx_word' id='word_1_118' title='bbox 1122 1254 1159 1302; x_wconf 86' lang='lat' dir='ltr'><strong>ep.</strong></span> <span class='ocrx_word' id='word_1_119' title='bbox 1168 1241 1193 1286; x_wconf 74' lang='grc'><strong>1.</strong></span> <span class='ocrx_word' id='word_1_120' title='bbox 1204 1238 1269 1287; x_wconf 87' lang='lat' dir='ltr'><strong>Cum</strong></span> 
     </span>
     <span class='ocr_line' id='line_1_13' title="bbox 162 1303 1269 1381; baseline -0.004 -24"><span class='ocrx_word' id='word_1_121' title='bbox 162 1307 258 1358; x_wconf 85' lang='lat' dir='ltr'><strong>inimici</strong></span> <span class='ocrx_word' id='word_1_122' title='bbox 267 1311 344 1359; x_wconf 87' lang='lat' dir='ltr'><strong>nostri</strong></span> <span class='ocrx_word' id='word_1_123' title='bbox 362 1311 442 1361; x_wconf 82' lang='lat' dir='ltr'><strong>venire</strong></span> <span class='ocrx_word' id='word_1_124' title='bbox 460 1313 579 1369; x_wconf 86' lang='lat' dir='ltr'><strong>dicentur,</strong></span> <span class='ocrx_word' id='word_1_125' title='bbox 593 1310 682 1360; x_wconf 84' lang='lat' dir='ltr'><strong>tumim</strong></span> <span class='ocrx_word' id='word_1_126' title='bbox 701 1309 799 1374; x_wconf 82' lang='lat' dir='ltr'>Epirum</span> <span class='ocrx_word' id='word_1_127' title='bbox 816 1307 867 1356; x_wconf 89' lang='lat' dir='ltr'><strong>ibo.</strong></span> <span class='ocrx_word' id='word_1_128' title='bbox 885 1307 954 1356; x_wconf 75' lang='lat' dir='ltr'><strong>robert</strong></span> <span class='ocrx_word' id='word_1_129' title='bbox 968 1308 1035 1356; x_wconf 72' lang='lat' dir='ltr'><strong>eoru</strong></span> <span class='ocrx_word' id='word_1_130' title='bbox 1044 1305 1108 1355; x_wconf 68' lang='grc'><strong>11111</strong></span> <span class='ocrx_word' id='word_1_131' title='bbox 1121 1305 1149 1353; x_wconf 80' lang='lat' dir='ltr'><strong>be</strong></span> <span class='ocrx_word' id='word_1_132' title='bbox 1165 1303 1269 1381; x_wconf 70' lang='lat' dir='ltr'><strong>brougltt</strong></span> 
     </span>
     <span class='ocr_line' id='line_1_14' title="bbox 159 1368 1272 1442; baseline -0.004 -20"><span class='ocrx_word' id='word_1_133' title='bbox 159 1370 217 1423; x_wconf 80' lang='lat' dir='ltr'><strong>ttst</strong></span> <span class='ocrx_word' id='word_1_134' title='bbox 226 1389 270 1424; x_wconf 83' lang='lat' dir='ltr'><strong>our</strong></span> <span class='ocrx_word' id='word_1_135' title='bbox 279 1376 381 1427; x_wconf 69' lang='lat' dir='ltr'><strong>enemim</strong></span> <span class='ocrx_word' id='word_1_136' title='bbox 390 1392 432 1427; x_wconf 82' lang='lat' dir='ltr'><strong>ure</strong></span> <span class='ocrx_word' id='word_1_137' title='bbox 442 1378 612 1442; x_wconf 79' lang='lat' dir='ltr'><strong>opproscttiag,</strong></span> <span class='ocrx_word' id='word_1_138' title='bbox 622 1377 680 1426; x_wconf 72' lang='lat' dir='ltr'><strong>taes</strong></span> <span class='ocrx_word' id='word_1_139' title='bbox 690 1376 742 1425; x_wconf 78' lang='lat' dir='ltr'><strong>still</strong></span> <span class='ocrx_word' id='word_1_140' title='bbox 752 1375 769 1424; x_wconf 90' lang='lat'><em>1</em></span> <span class='ocrx_word' id='word_1_141' title='bbox 775 1389 818 1437; x_wconf 79' lang='lat' dir='ltr'><strong>go,</strong></span> <span class='ocrx_word' id='word_1_142' title='bbox 828 1375 870 1437; x_wconf 67' lang='lat' dir='ltr'><strong>dfe.</strong></span> <span class='ocrx_word' id='word_1_143' title='bbox 885 1370 952 1420; x_wconf 85' lang='lat' dir='ltr'><strong>Add.</strong></span> <span class='ocrx_word' id='word_1_144' title='bbox 964 1374 978 1420; x_wconf 91' lang='lat'>1</span> <span class='ocrx_word' id='word_1_145' title='bbox 988 1372 1063 1421; x_wconf 81' lang='lat' dir='ltr'><strong>Cutil.</strong></span> <span class='ocrx_word' id='word_1_146' title='bbox 1073 1387 1096 1420; x_wconf 94' lang='lat' dir='ltr'><strong>c.</strong></span> <span class='ocrx_word' id='word_1_147' title='bbox 1106 1372 1147 1419; x_wconf 90' lang='lat'><strong>11.</strong></span> <span class='ocrx_word' id='word_1_148' title='bbox 1154 1375 1182 1418; x_wconf 82' lang='lat' dir='ltr'><strong>et</strong></span> <span class='ocrx_word' id='word_1_149' title='bbox 1190 1368 1272 1419; x_wconf 75' lang='lat' dir='ltr'><strong>Attio.</strong></span> 
     </span>
     <span class='ocr_line' id='line_1_15' title="bbox 164 1438 1268 1577; baseline -0.002 -26"><span class='ocrx_word' id='word_1_150' title='bbox 164 1438 546 1571; x_wconf 43' lang='lat' dir='ltr'><strong>1.pnpprdrup1eppdipprepepiw</strong></span> <span class='ocrx_word' id='word_1_151' title='bbox 555 1506 652 1573; x_wconf 87' lang='lat' dir='ltr'><strong>majoris</strong></span> <span class='ocrx_word' id='word_1_152' title='bbox 669 1503 838 1568; x_wconf 78' lang='lat' dir='ltr'><strong>explicationis</strong></span> <span class='ocrx_word' id='word_1_153' title='bbox 853 1503 940 1568; x_wconf 78' lang='lat' dir='ltr'><strong>gratia.</strong></span> <span class='ocrx_word' id='word_1_154' title='bbox 966 1501 1019 1551; x_wconf 83' lang='lat' dir='ltr'><strong>Cic.</strong></span> <span class='ocrx_word' id='word_1_155' title='bbox 1028 1517 1072 1565; x_wconf 84' lang='lat' dir='ltr'><strong>pro</strong></span> <span class='ocrx_word' id='word_1_156' title='bbox 1084 1501 1172 1577; x_wconf 66' lang='lat' dir='ltr'><strong>Quint.</strong></span> <span class='ocrx_word' id='word_1_157' title='bbox 1190 1516 1213 1549; x_wconf 92' lang='lat' dir='ltr'><strong>c.</strong></span> <span class='ocrx_word' id='word_1_158' title='bbox 1228 1504 1268 1576; x_wconf 68' lang='grc'><strong>11.</strong></span> 
     </span>
     <span class='ocr_line' id='line_1_16' title="bbox 164 1567 1268 1637; baseline -0.002 -21"><span class='ocrx_word' id='word_1_159' title='bbox 164 1567 239 1633; x_wconf 83' lang='lat' dir='ltr'>Apud</span> <span class='ocrx_word' id='word_1_160' title='bbox 245 1569 356 1633; x_wconf 90' lang='lat' dir='ltr'><strong>judicem</strong></span> <span class='ocrx_word' id='word_1_161' title='bbox 366 1587 462 1621; x_wconf 85' lang='lat' dir='ltr'><strong>causam</strong></span> <span class='ocrx_word' id='word_1_162' title='bbox 472 1573 551 1637; x_wconf 90' lang='lat' dir='ltr'><strong>priore</strong></span> <span class='ocrx_word' id='word_1_163' title='bbox 562 1574 616 1621; x_wconf 89' lang='lat' dir='ltr'><strong>loco</strong></span> <span class='ocrx_word' id='word_1_164' title='bbox 629 1570 694 1619; x_wconf 85' lang='lat' dir='ltr'><strong>dicat</strong></span> <span class='ocrx_word' id='word_1_165' title='bbox 704 1568 834 1628; x_wconf 83' lang='lat' dir='ltr'><strong>Quintius?</strong></span> <span class='ocrx_word' id='word_1_166' title='bbox 852 1575 886 1626; x_wconf 86' lang='lat' dir='ltr'><strong>et,</strong></span> <span class='ocrx_word' id='word_1_167' title='bbox 898 1583 953 1616; x_wconf 89' lang='lat' dir='ltr'><strong>eam</strong></span> <span class='ocrx_word' id='word_1_168' title='bbox 968 1582 1021 1616; x_wconf 86' lang='lat' dir='ltr'><strong>cum</strong></span> <span class='ocrx_word' id='word_1_169' title='bbox 1037 1574 1117 1622; x_wconf 88' lang='lat' dir='ltr'><strong>orant,</strong></span> <span class='ocrx_word' id='word_1_170' title='bbox 1135 1573 1190 1614; x_wconf 91' lang='lat' dir='ltr'><strong>tum</strong></span> <span class='ocrx_word' id='word_1_171' title='bbox 1199 1567 1268 1615; x_wconf 88' lang='lat' dir='ltr'><strong>dem-</strong></span> 
     </span>
     <span class='ocr_line' id='line_1_17' title="bbox 164 1633 1269 1712; baseline -0.001 -32"><span class='ocrx_word' id='word_1_172' title='bbox 164 1648 211 1699; x_wconf 86' lang='lat' dir='ltr'><strong>que</strong></span> <span class='ocrx_word' id='word_1_173' title='bbox 230 1651 315 1712; x_wconf 85' lang='lat' dir='ltr'><strong>vocem</strong></span> <span class='ocrx_word' id='word_1_174' title='bbox 331 1637 475 1687; x_wconf 85' lang='lat' dir='ltr'><strong>accusatoris</strong></span> <span class='ocrx_word' id='word_1_175' title='bbox 492 1637 590 1687; x_wconf 86' lang='lat' dir='ltr'><strong>audiat?</strong></span> <span class='ocrx_word' id='word_1_176' title='bbox 626 1637 640 1667; x_wconf 68' lang='lat'>⁵</span> <span class='ocrx_word' id='word_1_177' title='bbox 653 1637 692 1686; x_wconf 88' lang='grc'><strong>11.</strong></span> <span class='ocrx_word' id='word_1_178' title='bbox 702 1639 732 1685; x_wconf 85' lang='lat' dir='ltr'><strong>de</strong></span> <span class='ocrx_word' id='word_1_179' title='bbox 742 1640 829 1685; x_wconf 81' lang='lat' dir='ltr'><strong>senect.</strong></span> <span class='ocrx_word' id='word_1_180' title='bbox 839 1649 862 1682; x_wconf 89' lang='lat' dir='ltr'><strong>o.</strong></span> <span class='ocrx_word' id='word_1_181' title='bbox 872 1636 914 1683; x_wconf 79' lang='grc'><strong>23.</strong></span> <span class='ocrx_word' id='word_1_182' title='bbox 924 1634 977 1681; x_wconf 89' lang='lat' dir='ltr'><strong>etl.</strong></span> <span class='ocrx_word' id='word_1_183' title='bbox 988 1635 1013 1681; x_wconf 82' lang='lat'><strong>2.</strong></span> <span class='ocrx_word' id='word_1_184' title='bbox 1028 1634 1058 1681; x_wconf 84' lang='lat' dir='ltr'><strong>de</strong></span> <span class='ocrx_word' id='word_1_185' title='bbox 1070 1633 1144 1679; x_wconf 82' lang='lat' dir='ltr'><strong>Orat.</strong></span> <span class='ocrx_word' id='word_1_186' title='bbox 1161 1634 1232 1681; x_wconf 68' lang='lat' dir='ltr'><strong>ott.</strong></span> <span class='ocrx_word' id='word_1_187' title='bbox 1242 1638 1269 1680; x_wconf 86' lang='lat' dir='ltr'><strong>et</strong></span> 
     </span>
     <span class='ocr_line' id='line_1_18' title="bbox 162 1699 1269 1832; baseline -0.002 -20"><span class='ocrx_word' id='word_1_188' title='bbox 162 1699 180 1747; x_wconf 45' lang='lat' dir='ltr'><strong>l.</strong></span> <span class='ocrx_word' id='word_1_189' title='bbox 192 1701 469 1832; x_wconf 42' lang='lat' dir='ltr'><strong>bffitdddffiadjiddur</strong></span> <span class='ocrx_word' id='word_1_190' title='bbox 478 1770 580 1817; x_wconf 51' lang='lat' dir='ltr'><strong>dmum.</strong></span> <span class='ocrx_word' id='word_1_191' title='bbox 616 1768 708 1816; x_wconf 81' lang='lat' dir='ltr'><strong>Colum.</strong></span> <span class='ocrx_word' id='word_1_192' title='bbox 719 1763 736 1813; x_wconf 91' lang='lat' dir='ltr'><strong>l.</strong></span> <span class='ocrx_word' id='word_1_193' title='bbox 748 1768 789 1813; x_wconf 89' lang='lat' dir='ltr'><strong>ll.</strong></span> <span class='ocrx_word' id='word_1_194' title='bbox 802 1764 836 1812; x_wconf 85' lang='lat' dir='ltr'><strong>R.</strong></span> <span class='ocrx_word' id='word_1_195' title='bbox 848 1764 883 1812; x_wconf 80' lang='lat' dir='ltr'><strong>R·</strong></span> <span class='ocrx_word' id='word_1_196' title='bbox 894 1779 917 1811; x_wconf 90' lang='lat' dir='ltr'><strong>c.</strong></span> <span class='ocrx_word' id='word_1_197' title='bbox 927 1763 1048 1812; x_wconf 77' lang='lat' dir='ltr'><strong>3.Semen</strong></span> <span class='ocrx_word' id='word_1_198' title='bbox 1057 1763 1120 1810; x_wconf 80' lang='lat' dir='ltr'><strong>betae</strong></span> <span class='ocrx_word' id='word_1_199' title='bbox 1131 1778 1185 1810; x_wconf 88' lang='lat' dir='ltr'><strong>cum</strong></span> <span class='ocrx_word' id='word_1_200' title='bbox 1196 1760 1269 1811; x_wconf 84' lang='lat' dir='ltr'><strong>msti-</strong></span> 
     </span>
     <span class='ocr_line' id='line_1_19' title="bbox 162 1827 1176 1908; baseline -0.001 -31"><span class='ocrx_word' id='word_1_201' title='bbox 162 1842 217 1877; x_wconf 88' lang='lat' dir='ltr'><strong>cum</strong></span> <span class='ocrx_word' id='word_1_202' title='bbox 226 1831 312 1879; x_wconf 87' lang='lat' dir='ltr'><strong>malum</strong></span> <span class='ocrx_word' id='word_1_203' title='bbox 317 1832 420 1889; x_wconf 80' lang='lat' dir='ltr'><strong>florebit,</strong></span> <span class='ocrx_word' id='word_1_204' title='bbox 427 1842 480 1881; x_wconf 90' lang='lat' dir='ltr'><strong>tum</strong></span> <span class='ocrx_word' id='word_1_205' title='bbox 486 1833 584 1881; x_wconf 90' lang='lat' dir='ltr'><strong>demum</strong></span> <span class='ocrx_word' id='word_1_206' title='bbox 592 1833 683 1894; x_wconf 89' lang='lat' dir='ltr'><strong>optime</strong></span> <span class='ocrx_word' id='word_1_207' title='bbox 695 1830 788 1879; x_wconf 87' lang='lat' dir='ltr'><strong>seritur.</strong></span> <span class='ocrx_word' id='word_1_208' title='bbox 816 1827 883 1876; x_wconf 80' lang='lat' dir='ltr'><strong>Add.</strong></span> <span class='ocrx_word' id='word_1_209' title='bbox 894 1828 934 1877; x_wconf 88' lang='grc'><strong>11.</strong></span> <span class='ocrx_word' id='word_1_210' title='bbox 944 1830 962 1876; x_wconf 93' lang='grc'><strong>1.</strong></span> <span class='ocrx_word' id='word_1_211' title='bbox 976 1831 1015 1878; x_wconf 92' lang='grc'><strong>12.</strong></span> <span class='ocrx_word' id='word_1_212' title='bbox 1027 1844 1050 1878; x_wconf 88' lang='lat' dir='ltr'><strong>c.</strong></span> <span class='ocrx_word' id='word_1_213' title='bbox 1062 1833 1103 1878; x_wconf 86' lang='grc'><strong>26.</strong></span> <span class='ocrx_word' id='word_1_214' title='bbox 1174 1904 1176 1908; x_wconf 66' lang='lat'><em>,</em></span> 
     </span>
    </p>
   </div>
   <div class='ocr_carea' id='block_1_8' title="bbox 404 1925 1026 1998">
    <p class='ocr_par' dir='ltr' id='par_1_8' title="bbox 404 1925 1026 1998">
     <span class='ocr_line' id='line_1_20' title="bbox 404 1925 1026 1998; baseline -0.003 -20"><span class='ocrx_word' id='word_1_215' title='bbox 404 1928 417 1954; x_wconf 77' lang='lat'><strong>⁹</strong></span> <span class='ocrx_word' id='word_1_216' title='bbox 429 1933 454 1978; x_wconf 97' lang='grc'><strong>6.</strong></span> <span class='ocrx_word' id='word_1_217' title='bbox 467 1931 528 1979; x_wconf 83' lang='lat' dir='ltr'><strong>Cum</strong></span> <span class='ocrx_word' id='word_1_218' title='bbox 540 1937 565 1978; x_wconf 86' lang='lat' dir='ltr'><strong>et</strong></span> <span class='ocrx_word' id='word_1_219' title='bbox 576 1934 627 1979; x_wconf 81' lang='lat' dir='ltr'><strong>tum</strong></span> <span class='ocrx_word' id='word_1_220' title='bbox 638 1929 669 1976; x_wconf 86' lang='lat' dir='ltr'><strong>ad</strong></span> <span class='ocrx_word' id='word_1_221' title='bbox 679 1936 774 1991; x_wconf 88' lang='lat' dir='ltr'><strong>tempus</strong></span> <span class='ocrx_word' id='word_1_222' title='bbox 785 1925 1026 1998; x_wconf 33' lang='lat' dir='ltr'><strong>preteritumnrelata.</strong></span> 
     </span>
    </p>
   </div>
   <div class='ocr_carea' id='block_1_9' title="bbox 162 2005 1271 2188">
    <p class='ocr_par' dir='ltr' id='par_1_9' title="bbox 162 2005 1271 2188">
     <span class='ocr_line' id='line_1_21' title="bbox 199 2005 1270 2085; baseline -0.002 -27"><span class='ocrx_word' id='word_1_223' title='bbox 199 2008 261 2058; x_wconf 75' lang='lat' dir='ltr'><strong>Cam</strong></span> <span class='ocrx_word' id='word_1_224' title='bbox 275 2014 301 2057; x_wconf 85' lang='lat' dir='ltr'><strong>et</strong></span> <span class='ocrx_word' id='word_1_225' title='bbox 316 2014 366 2058; x_wconf 80' lang='lat' dir='ltr'><strong>tum</strong></span> <span class='ocrx_word' id='word_1_226' title='bbox 386 2016 481 2074; x_wconf 90' lang='lat' dir='ltr'><strong>tempus</strong></span> <span class='ocrx_word' id='word_1_227' title='bbox 496 2011 642 2074; x_wconf 74' lang='lat' dir='ltr'><strong>praeteritum</strong></span> <span class='ocrx_word' id='word_1_228' title='bbox 651 2009 771 2059; x_wconf 89' lang='lat' dir='ltr'><strong>interdum</strong></span> <span class='ocrx_word' id='word_1_229' title='bbox 783 2007 912 2082; x_wconf 81' lang='lat' dir='ltr'><strong>declarant.</strong></span> <span class='ocrx_word' id='word_1_230' title='bbox 926 2005 927 2008; x_wconf 63' lang='grc'>’</span> <span class='ocrx_word' id='word_1_231' title='bbox 940 2010 1017 2066; x_wconf 70' lang='lat' dir='ltr'><strong>cias</strong></span> <span class='ocrx_word' id='word_1_232' title='bbox 1031 2007 1106 2085; x_wconf 69' lang='lat' dir='ltr'><strong>(istil.</strong></span> <span class='ocrx_word' id='word_1_233' title='bbox 1116 2024 1139 2056; x_wconf 89' lang='lat' dir='ltr'><strong>c.</strong></span> <span class='ocrx_word' id='word_1_234' title='bbox 1150 2011 1175 2057; x_wconf 90' lang='grc'><strong>6.</strong></span> <span class='ocrx_word' id='word_1_235' title='bbox 1184 2008 1270 2056; x_wconf 86' lang='lat' dir='ltr'><strong>Patres</strong></span> 
     </span>
     <span class='ocr_line' id='line_1_22' title="bbox 162 2072 1271 2188; baseline -0.001 -65"><span class='ocrx_word' id='word_1_236' title='bbox 162 2074 361 2188; x_wconf 52' lang='lat' dir='ltr'><strong>{ltprpteunrsuerunt</strong></span> <span class='ocrx_word' id='word_1_237' title='bbox 371 2084 400 2124; x_wconf 89' lang='lat' dir='ltr'><strong>ut</strong></span> <span class='ocrx_word' id='word_1_238' title='bbox 409 2076 440 2124; x_wconf 92' lang='lat' dir='ltr'><strong>P.</strong></span> <span class='ocrx_word' id='word_1_239' title='bbox 448 2076 569 2125; x_wconf 75' lang='lat' dir='ltr'><strong>Lentulus</strong></span> <span class='ocrx_word' id='word_1_240' title='bbox 579 2092 635 2126; x_wconf 90' lang='lat' dir='ltr'><strong>cum</strong></span> <span class='ocrx_word' id='word_1_241' title='bbox 651 2077 678 2124; x_wconf 82' lang='lat' dir='ltr'><strong>so</strong></span> <span class='ocrx_word' id='word_1_242' title='bbox 691 2083 800 2140; x_wconf 80' lang='lat' dir='ltr'><strong>praeturae</strong></span> <span class='ocrx_word' id='word_1_243' title='bbox 812 2072 955 2131; x_wconf 78' lang='lat' dir='ltr'><strong>abdicasset,</strong></span> <span class='ocrx_word' id='word_1_244' title='bbox 971 2082 1023 2123; x_wconf 88' lang='lat' dir='ltr'><strong>tum</strong></span> <span class='ocrx_word' id='word_1_245' title='bbox 1037 2088 1063 2122; x_wconf 90' lang='grc' dir='ltr'><strong>ιιι</strong></span> <span class='ocrx_word' id='word_1_246' title='bbox 1074 2075 1212 2122; x_wconf 81' lang='lat' dir='ltr'><strong>custodiam</strong></span> <span class='ocrx_word' id='word_1_247' title='bbox 1221 2082 1271 2122; x_wconf 85' lang='lat' dir='ltr'><strong>tra·</strong></span> 
     </span>
    </p>
   </div>
   <div class='ocr_carea' id='block_1_10' title="bbox 404 2239 1026 2305">
    <p class='ocr_par' dir='ltr' id='par_1_10' title="bbox 404 2239 1026 2305">
     <span class='ocr_line' id='line_1_23' title="bbox 404 2239 1026 2305; baseline -0.003 -15"><span class='ocrx_word' id='word_1_248' title='bbox 404 2239 418 2270; x_wconf 81' lang='lat'><strong>&#39;¹</strong></span> <span class='ocrx_word' id='word_1_249' title='bbox 430 2244 455 2290; x_wconf 85' lang='grc'><strong>7.</strong></span> <span class='ocrx_word' id='word_1_250' title='bbox 466 2259 489 2290; x_wconf 78' lang='grc' dir='ltr'><strong>α.</strong></span> <span class='ocrx_word' id='word_1_251' title='bbox 504 2243 565 2292; x_wconf 79' lang='lat' dir='ltr'><strong>Cum</strong></span> <span class='ocrx_word' id='word_1_252' title='bbox 576 2247 663 2291; x_wconf 79' lang='lat' dir='ltr'><strong>ettam</strong></span> <span class='ocrx_word' id='word_1_253' title='bbox 676 2241 707 2289; x_wconf 82' lang='lat' dir='ltr'><strong>sd</strong></span> <span class='ocrx_word' id='word_1_254' title='bbox 720 2247 818 2305; x_wconf 88' lang='lat' dir='ltr'><strong>tempus</strong></span> <span class='ocrx_word' id='word_1_255' title='bbox 828 2255 933 2305; x_wconf 76' lang='lat' dir='ltr'><strong>presens</strong></span> <span class='ocrx_word' id='word_1_256' title='bbox 943 2240 1026 2288; x_wconf 82' lang='lat' dir='ltr'><strong>relata.</strong></span> 
     </span>
    </p>
   </div>
   <div class='ocr_carea' id='block_1_11' title="bbox 163 2318 1275 2516">
    <p class='ocr_par' dir='ltr' id='par_1_11' title="bbox 163 2318 1275 2516">
     <span class='ocr_line' id='line_1_24' title="bbox 195 2318 1271 2386; baseline -0.001 -19"><span class='ocrx_word' id='word_1_257' title='bbox 195 2318 266 2382; x_wconf 84' lang='lat' dir='ltr'><strong>Saepe</strong></span> <span class='ocrx_word' id='word_1_258' title='bbox 279 2318 310 2367; x_wconf 81' lang='lat' dir='ltr'><strong>ad</strong></span> <span class='ocrx_word' id='word_1_259' title='bbox 322 2324 416 2384; x_wconf 86' lang='lat' dir='ltr'><strong>tempus</strong></span> <span class='ocrx_word' id='word_1_260' title='bbox 428 2337 534 2385; x_wconf 81' lang='lat' dir='ltr'><strong>praesens</strong></span> <span class='ocrx_word' id='word_1_261' title='bbox 545 2324 746 2372; x_wconf 84' lang='lat' dir='ltr'><strong>accommodatur.</strong></span> <span class='ocrx_word' id='word_1_262' title='bbox 771 2324 823 2374; x_wconf 83' lang='lat' dir='ltr'><strong>Cic.</strong></span> <span class='ocrx_word' id='word_1_263' title='bbox 840 2338 886 2386; x_wconf 80' lang='lat' dir='ltr'><strong>pro</strong></span> <span class='ocrx_word' id='word_1_264' title='bbox 903 2325 950 2384; x_wconf 81' lang='lat' dir='ltr'><strong>leg.</strong></span> <span class='ocrx_word' id='word_1_265' title='bbox 964 2322 1056 2371; x_wconf 74' lang='lat' dir='ltr'><strong>Munil-</strong></span> <span class='ocrx_word' id='word_1_266' title='bbox 1066 2337 1088 2370; x_wconf 93' lang='lat' dir='ltr'><strong>c.</strong></span> <span class='ocrx_word' id='word_1_267' title='bbox 1099 2324 1124 2368; x_wconf 92' lang='grc'><strong>6.</strong></span> <span class='ocrx_word' id='word_1_268' title='bbox 1134 2318 1235 2370; x_wconf 80' lang='lat' dir='ltr'><strong>Caeteris</strong></span> <span class='ocrx_word' id='word_1_269' title='bbox 1245 2319 1271 2366; x_wconf 86' lang='lat' dir='ltr'><strong>in</strong></span> 
     </span>
     <span class='ocr_line' id='line_1_25' title="bbox 163 2383 1275 2454; baseline 0.002 -22"><span class='ocrx_word' id='word_1_270' title='bbox 163 2383 242 2441; x_wconf 84' lang='lat' dir='ltr'><strong>rebus,</strong></span> <span class='ocrx_word' id='word_1_271' title='bbox 253 2399 308 2433; x_wconf 91' lang='lat' dir='ltr'><strong>cum</strong></span> <span class='ocrx_word' id='word_1_272' title='bbox 323 2386 392 2434; x_wconf 77' lang='lat' dir='ltr'><strong>venit</strong></span> <span class='ocrx_word' id='word_1_273' title='bbox 402 2388 534 2446; x_wconf 77' lang='lat' dir='ltr'><strong>calamitas,</strong></span> <span class='ocrx_word' id='word_1_274' title='bbox 545 2396 596 2438; x_wconf 87' lang='lat' dir='ltr'><strong>tum</strong></span> <span class='ocrx_word' id='word_1_275' title='bbox 607 2389 780 2437; x_wconf 84' lang='lat' dir='ltr'>detrimentum</span> <span class='ocrx_word' id='word_1_276' title='bbox 798 2388 924 2454; x_wconf 84' lang='lat' dir='ltr'><strong>accipitur.</strong></span> <span class='ocrx_word' id='word_1_277' title='bbox 945 2389 972 2436; x_wconf 81' lang='lat' dir='ltr'><strong>ia</strong></span> <span class='ocrx_word' id='word_1_278' title='bbox 987 2389 1029 2438; x_wconf 86' lang='lat' dir='ltr'><strong>tbe</strong></span> <span class='ocrx_word' id='word_1_279' title='bbox 1038 2387 1107 2437; x_wconf 71' lang='lat' dir='ltr'><strong>otker</strong></span> <span class='ocrx_word' id='word_1_280' title='bbox 1117 2399 1228 2436; x_wconf 74' lang='lat' dir='ltr'><strong>cameras</strong></span> <span class='ocrx_word' id='word_1_281' title='bbox 1245 2385 1275 2442; x_wconf 86' lang='lat' dir='ltr'><strong>of</strong></span> 
     </span>
     <span class='ocr_line' id='line_1_26' title="bbox 163 2448 823 2516; baseline 0.005 -17"><span class='ocrx_word' id='word_1_282' title='bbox 163 2448 207 2511; x_wconf 66' lang='grc'><strong>1111</strong></span> <span class='ocrx_word' id='word_1_283' title='bbox 222 2450 264 2500; x_wconf 77' lang='lat' dir='ltr'><strong>tte</strong></span> <span class='ocrx_word' id='word_1_284' title='bbox 280 2451 327 2500; x_wconf 80' lang='lat' dir='ltr'><strong>loss</strong></span> <span class='ocrx_word' id='word_1_285' title='bbox 341 2451 415 2502; x_wconf 83' lang='lat' dir='ltr'><strong>isaot</strong></span> <span class='ocrx_word' id='word_1_286' title='bbox 420 2453 471 2514; x_wconf 79' lang='lat' dir='ltr'><strong>felt</strong></span> <span class='ocrx_word' id='word_1_287' title='bbox 482 2454 521 2503; x_wconf 83' lang='lat' dir='ltr'><strong>till</strong></span> <span class='ocrx_word' id='word_1_288' title='bbox 530 2455 571 2504; x_wconf 76' lang='lat' dir='ltr'><strong>tlte</strong></span> <span class='ocrx_word' id='word_1_289' title='bbox 581 2455 722 2516; x_wconf 69' lang='lat' dir='ltr'><strong>missorium</strong></span> <span class='ocrx_word' id='word_1_290' title='bbox 731 2469 823 2504; x_wconf 79' lang='lat' dir='ltr'><strong>occurs.</strong></span> 
     </span>
    </p>
   </div>
   <div class='ocr_carea' id='block_1_12' title="bbox 561 2569 875 2625">
    <p class='ocr_par' dir='ltr' id='par_1_12' title="bbox 561 2569 875 2625">
     <span class='ocr_line' id='line_1_27' title="bbox 561 2569 875 2625; baseline 0.006 -8"><span class='ocrx_word' id='word_1_291' title='bbox 561 2569 577 2598; x_wconf 73' lang='lat'>⁸</span> <span class='ocrx_word' id='word_1_292' title='bbox 589 2573 616 2625; x_wconf 78' lang='grc' dir='ltr'><strong>β.</strong></span> <span class='ocrx_word' id='word_1_293' title='bbox 630 2571 813 2620; x_wconf 77' lang='lat' dir='ltr'><strong>oum-tamea.</strong></span> <span class='ocrx_word' id='word_1_294' title='bbox 830 2571 875 2621; x_wconf 76' lang='lat' dir='ltr'><strong>At.</strong></span> 
     </span>
    </p>
   </div>
   <div class='ocr_carea' id='block_1_13' title="bbox 163 2646 1270 2782">
    <p class='ocr_par' dir='ltr' id='par_1_13' title="bbox 163 2646 1270 2782">
     <span class='ocr_line' id='line_1_28' title="bbox 198 2646 1270 2714; baseline 0.006 -19"><span class='ocrx_word' id='word_1_295' title='bbox 198 2646 261 2696; x_wconf 75' lang='lat' dir='ltr'><strong>Satt.</strong></span> <span class='ocrx_word' id='word_1_296' title='bbox 281 2647 356 2697; x_wconf 76' lang='lat' dir='ltr'><strong>catil.</strong></span> <span class='ocrx_word' id='word_1_297' title='bbox 379 2665 403 2699; x_wconf 92' lang='lat' dir='ltr'><strong>c.</strong></span> <span class='ocrx_word' id='word_1_298' title='bbox 421 2653 463 2698; x_wconf 85' lang='grc'><strong>29.</strong></span> <span class='ocrx_word' id='word_1_299' title='bbox 485 2649 548 2699; x_wconf 82' lang='grc' dir='ltr'><strong>Οιιιιι</strong></span> <span class='ocrx_word' id='word_1_300' title='bbox 566 2650 670 2706; x_wconf 82' lang='lat' dir='ltr'><strong>tabulas,</strong></span> <span class='ocrx_word' id='word_1_301' title='bbox 689 2650 765 2714; x_wconf 83' lang='lat' dir='ltr'><strong>signa,</strong></span> <span class='ocrx_word' id='word_1_302' title='bbox 776 2658 912 2700; x_wconf 74' lang='lat' dir='ltr'><strong>toreumata</strong></span> <span class='ocrx_word' id='word_1_303' title='bbox 923 2659 1119 2703; x_wconf 87' lang='lat' dir='ltr'><strong>emunt-tamen</strong></span> <span class='ocrx_word' id='word_1_304' title='bbox 1136 2652 1270 2702; x_wconf 80' lang='lat' dir='ltr'><strong>summali-</strong></span> 
     </span>
     <span class='ocr_line' id='line_1_29' title="bbox 163 2709 1043 2782; baseline 0.01 -24"><span class='ocrx_word' id='word_1_305' title='bbox 163 2709 246 2779; x_wconf 80' lang='lat' dir='ltr'><strong>bidins</strong></span> <span class='ocrx_word' id='word_1_306' title='bbox 257 2711 355 2762; x_wconf 81' lang='lat' dir='ltr'><strong>divitias</strong></span> <span class='ocrx_word' id='word_1_307' title='bbox 371 2729 426 2762; x_wconf 78' lang='lat' dir='ltr'><strong>suas</strong></span> <span class='ocrx_word' id='word_1_308' title='bbox 437 2713 532 2764; x_wconf 84' lang='lat' dir='ltr'><strong>vincere</strong></span> <span class='ocrx_word' id='word_1_309' title='bbox 542 2722 677 2780; x_wconf 88' lang='lat' dir='ltr'><strong>nequeunt.</strong></span> <span class='ocrx_word' id='word_1_310' title='bbox 693 2715 729 2764; x_wconf 87' lang='lat' dir='ltr'><strong>At</strong></span> <span class='ocrx_word' id='word_1_311' title='bbox 739 2717 810 2767; x_wconf 86' lang='lat' dir='ltr'><strong>nobis</strong></span> <span class='ocrx_word' id='word_1_312' title='bbox 822 2724 861 2766; x_wconf 89' lang='lat' dir='ltr'><strong>est</strong></span> <span class='ocrx_word' id='word_1_313' title='bbox 871 2717 936 2767; x_wconf 89' lang='lat' dir='ltr'><strong>domi</strong></span> <span class='ocrx_word' id='word_1_314' title='bbox 952 2717 1043 2782; x_wconf 90' lang='lat' dir='ltr'><strong>inopia.</strong></span> 
     </span>
    </p>
   </div>
   <div class='ocr_carea' id='block_1_14' title="bbox 604 2830 827 2882">
    <p class='ocr_par' dir='ltr' id='par_1_14' title="bbox 604 2830 827 2882">
     <span class='ocr_line' id='line_1_30' title="bbox 604 2830 827 2882; baseline 0.009 -2"><span class='ocrx_word' id='word_1_315' title='bbox 604 2830 620 2862; x_wconf 72' lang='lat'>⁸</span> <span class='ocrx_word' id='word_1_316' title='bbox 631 2834 655 2880; x_wconf 85' lang='grc'><strong>8.</strong></span> <span class='ocrx_word' id='word_1_317' title='bbox 670 2833 827 2882; x_wconf 66' lang='lat' dir='ltr'><strong>Cum-siu.</strong></span> 
     </span>
    </p>
   </div>
   <div class='ocr_carea' id='block_1_15' title="bbox 164 2905 1270 2980">
    <p class='ocr_par' dir='ltr' id='par_1_15' title="bbox 164 2905 1270 2980">
     <span class='ocr_line' id='line_1_31' title="bbox 164 2905 1270 2980; baseline 0.007 -23"><span class='ocrx_word' id='word_1_318' title='bbox 164 2905 167 2910; x_wconf 75' lang='grc'><strong>’</strong></span> <span class='ocrx_word' id='word_1_319' title='bbox 200 2907 284 2958; x_wconf 78' lang='lat' dir='ltr'><strong>Coesot·</strong></span> <span class='ocrx_word' id='word_1_320' title='bbox 294 2910 328 2960; x_wconf 88' lang='grc' dir='ltr'><strong>Β.</strong></span> <span class='ocrx_word' id='word_1_321' title='bbox 336 2911 369 2960; x_wconf 88' lang='lat' dir='ltr'><strong>G.</strong></span> <span class='ocrx_word' id='word_1_322' title='bbox 380 2913 398 2959; x_wconf 92' lang='lat' dir='ltr'><strong>l.</strong></span> <span class='ocrx_word' id='word_1_323' title='bbox 409 2916 434 2960; x_wconf 79' lang='lat' dir='ltr'><strong>t.</strong></span> <span class='ocrx_word' id='word_1_324' title='bbox 447 2928 468 2961; x_wconf 89' lang='lat' dir='ltr'><strong>c.</strong></span> <span class='ocrx_word' id='word_1_325' title='bbox 479 2917 520 2962; x_wconf 75' lang='lat' dir='ltr'><strong>st.</strong></span> <span class='ocrx_word' id='word_1_326' title='bbox 534 2915 583 2977; x_wconf 79' lang='lat'><strong>§3.</strong></span> <span class='ocrx_word' id='word_1_327' title='bbox 596 2912 660 2962; x_wconf 90' lang='lat' dir='ltr'><strong>Cum</strong></span> <span class='ocrx_word' id='word_1_328' title='bbox 674 2912 700 2960; x_wconf 89' lang='lat' dir='ltr'><strong>in</strong></span> <span class='ocrx_word' id='word_1_329' title='bbox 717 2929 774 2963; x_wconf 92' lang='lat' dir='ltr'><strong>eum</strong></span> <span class='ocrx_word' id='word_1_330' title='bbox 792 2915 881 2972; x_wconf 88' lang='lat' dir='ltr'><strong>locum,</strong></span> <span class='ocrx_word' id='word_1_331' title='bbox 901 2917 966 2965; x_wconf 82' lang='lat' dir='ltr'><strong>uude</strong></span> <span class='ocrx_word' id='word_1_332' title='bbox 985 2923 1054 2964; x_wconf 86' lang='lat' dir='ltr'><strong>erant</strong></span> <span class='ocrx_word' id='word_1_333' title='bbox 1071 2915 1172 2980; x_wconf 81' lang='lat' dir='ltr'><strong>egressi,</strong></span> <span class='ocrx_word' id='word_1_334' title='bbox 1182 2919 1270 2980; x_wconf 80' lang='lat' dir='ltr'><strong>reverti</strong></span> 
     </span>
    </p>
   </div>
   <div class='ocr_carea' id='block_1_16' title="bbox 163 2970 1270 3103">
    <p class='ocr_par' dir='ltr' id='par_1_16' title="bbox 163 2970 1270 3103">
     <span class='ocr_line' id='line_1_32' title="bbox 164 2970 1270 3088; baseline 0.014 -69"><span class='ocrx_word' id='word_1_335' title='bbox 164 2970 289 3088; x_wconf 52' lang='lat' dir='ltr'><strong>‘cuffirantg</strong></span> <span class='ocrx_word' id='word_1_336' title='bbox 306 2976 568 3027; x_wconf 84' lang='lat' dir='ltr'><strong>circumveniebantur:</strong></span> <span class='ocrx_word' id='word_1_337' title='bbox 585 2978 623 3026; x_wconf 88' lang='lat' dir='ltr'><strong>sin</strong></span> <span class='ocrx_word' id='word_1_338' title='bbox 642 2985 722 3027; x_wconf 88' lang='lat' dir='ltr'><strong>autem</strong></span> <span class='ocrx_word' id='word_1_339' title='bbox 739 2979 818 3028; x_wconf 91' lang='lat' dir='ltr'><strong>locum</strong></span> <span class='ocrx_word' id='word_1_340' title='bbox 827 2988 910 3029; x_wconf 87' lang='lat' dir='ltr'><strong>tenere</strong></span> <span class='ocrx_word' id='word_1_341' title='bbox 924 2981 1026 3040; x_wconf 86' lang='lat' dir='ltr'><strong>vellent,</strong></span> <span class='ocrx_word' id='word_1_342' title='bbox 1041 2980 1125 3032; x_wconf 82' lang='lat' dir='ltr'><strong>virtuti</strong></span> <span class='ocrx_word' id='word_1_343' title='bbox 1141 2979 1211 3033; x_wconf 87' lang='lat' dir='ltr'><strong>locus</strong></span> <span class='ocrx_word' id='word_1_344' title='bbox 1221 2979 1270 3034; x_wconf 81' lang='lat' dir='ltr'><strong>non</strong></span> 
     </span>
     <span class='ocr_line' id='line_1_33' title="bbox 163 3047 352 3103; baseline 0.021 -17"><span class='ocrx_word' id='word_1_345' title='bbox 163 3051 189 3091; x_wconf 82' lang='lat' dir='ltr'><strong>re</strong></span> <span class='ocrx_word' id='word_1_346' title='bbox 227 3053 273 3103; x_wconf 91' lang='lat' dir='ltr'><strong>que</strong></span> <span class='ocrx_word' id='word_1_347' title='bbox 290 3047 352 3090; x_wconf 87' lang='lat' dir='ltr'><strong>atur.</strong></span> 
     </span>
    </p>
   </div>
   <div class='ocr_carea' id='block_1_17' title="bbox 393 3139 1019 3210">
    <p class='ocr_par' dir='ltr' id='par_1_17' title="bbox 393 3139 1019 3210">
     <span class='ocr_line' id='line_1_34' title="bbox 393 3139 1019 3210; baseline 0.008 -21"><span class='ocrx_word' id='word_1_348' title='bbox 393 3195 395 3199; x_wconf 15' lang='lat'><strong>¹</strong></span> <span class='ocrx_word' id='word_1_349' title='bbox 409 3141 426 3204; x_wconf 65' lang='lat'><strong>⁴§</strong></span> <span class='ocrx_word' id='word_1_350' title='bbox 436 3139 473 3188; x_wconf 90' lang='lat'><strong>11.</strong></span> <span class='ocrx_word' id='word_1_351' title='bbox 483 3145 507 3190; x_wconf 88' lang='lat' dir='ltr'><strong>l.</strong></span> <span class='ocrx_word' id='word_1_352' title='bbox 518 3139 580 3190; x_wconf 69' lang='lat' dir='ltr'><strong>cla</strong></span> <span class='ocrx_word' id='word_1_353' title='bbox 586 3157 594 3202; x_wconf 69' lang='grc' dir='ltr'>ς</span> <span class='ocrx_word' id='word_1_354' title='bbox 604 3141 682 3199; x_wconf 71' lang='lat' dir='ltr'><strong>stes,</strong></span> <span class='ocrx_word' id='word_1_355' title='bbox 692 3142 772 3200; x_wconf 74' lang='lat' dir='ltr'><strong>since3</strong></span> <span class='ocrx_word' id='word_1_356' title='bbox 784 3141 896 3207; x_wconf 88' lang='lat' dir='ltr'><strong>junctum</strong></span> <span class='ocrx_word' id='word_1_357' title='bbox 906 3145 1019 3210; x_wconf 80' lang='lat' dir='ltr'><strong>tempori.</strong></span> 
     </span>
    </p>
   </div>
   <div class='ocr_carea' id='block_1_18' title="bbox 166 3217 1272 3616">
    <p class='ocr_par' dir='ltr' id='par_1_18' title="bbox 166 3217 1272 3616">
     <span class='ocr_line' id='line_1_35' title="bbox 200 3217 1270 3293; baseline 0.013 -28"><span class='ocrx_word' id='word_1_358' title='bbox 200 3217 262 3266; x_wconf 83' lang='lat' dir='ltr'><strong>Cum</strong></span> <span class='ocrx_word' id='word_1_359' title='bbox 270 3233 335 3283; x_wconf 89' lang='lat' dir='ltr'><strong>saepe</strong></span> <span class='ocrx_word' id='word_1_360' title='bbox 345 3221 449 3284; x_wconf 83' lang='lat' dir='ltr'><strong>tempori</strong></span> <span class='ocrx_word' id='word_1_361' title='bbox 458 3221 593 3271; x_wconf 74' lang='lat' dir='ltr'><strong>adhibetur.</strong></span> <span class='ocrx_word' id='word_1_362' title='bbox 616 3224 669 3273; x_wconf 81' lang='lat' dir='ltr'><strong>Cic.</strong></span> <span class='ocrx_word' id='word_1_363' title='bbox 680 3225 699 3274; x_wconf 93' lang='grc'><strong>1.</strong></span> <span class='ocrx_word' id='word_1_364' title='bbox 712 3228 752 3275; x_wconf 88' lang='grc'><strong>10.</strong></span> <span class='ocrx_word' id='word_1_365' title='bbox 762 3226 834 3274; x_wconf 78' lang='lat' dir='ltr'><strong>Fom-</strong></span> <span class='ocrx_word' id='word_1_366' title='bbox 844 3241 881 3289; x_wconf 86' lang='lat' dir='ltr'><strong>ep.</strong></span> <span class='ocrx_word' id='word_1_367' title='bbox 892 3231 917 3276; x_wconf 77' lang='grc'><strong>1.</strong></span> <span class='ocrx_word' id='word_1_368' title='bbox 927 3228 980 3277; x_wconf 88' lang='lat' dir='ltr'><strong>Scis</strong></span> <span class='ocrx_word' id='word_1_369' title='bbox 990 3229 1099 3291; x_wconf 81' lang='lat' dir='ltr'><strong>profecto</strong></span> <span class='ocrx_word' id='word_1_370' title='bbox 1109 3228 1184 3278; x_wconf 83' lang='lat' dir='ltr'><strong>fuisse</strong></span> <span class='ocrx_word' id='word_1_371' title='bbox 1192 3231 1270 3293; x_wconf 83' lang='lat' dir='ltr'><strong>quod·</strong></span> 
     </span>
     <span class='ocr_line' id='line_1_36' title="bbox 166 3281 1271 3358; baseline 0.014 -28"><span class='ocrx_word' id='word_1_372' title='bbox 166 3281 223 3330; x_wconf 88' lang='lat' dir='ltr'><strong>dam</strong></span> <span class='ocrx_word' id='word_1_373' title='bbox 231 3289 337 3347; x_wconf 80' lang='lat' dir='ltr'><strong>tempus,</strong></span> <span class='ocrx_word' id='word_1_374' title='bbox 348 3301 401 3334; x_wconf 90' lang='lat' dir='ltr'><strong>oum</strong></span> <span class='ocrx_word' id='word_1_375' title='bbox 414 3287 523 3335; x_wconf 90' lang='lat' dir='ltr'><strong>homines</strong></span> <span class='ocrx_word' id='word_1_376' title='bbox 534 3286 711 3345; x_wconf 77' lang='lat' dir='ltr'><strong>existimarent,</strong></span> <span class='ocrx_word' id='word_1_377' title='bbox 725 3296 751 3337; x_wconf 85' lang='lat' dir='ltr'><strong>te</strong></span> <span class='ocrx_word' id='word_1_378' title='bbox 761 3289 835 3339; x_wconf 86' lang='lat' dir='ltr'><strong>nimis</strong></span> <span class='ocrx_word' id='word_1_379' title='bbox 852 3292 940 3341; x_wconf 82' lang='lat' dir='ltr'><strong>servire</strong></span> <span class='ocrx_word' id='word_1_380' title='bbox 955 3295 1113 3358; x_wconf 84' lang='lat' dir='ltr'><strong>temporibus.</strong></span> <span class='ocrx_word' id='word_1_381' title='bbox 1146 3296 1215 3344; x_wconf 86' lang='grc'><strong>111.</strong></span> <span class='ocrx_word' id='word_1_382' title='bbox 1229 3301 1271 3346; x_wconf 88' lang='grc'><strong>16.</strong></span> 
     </span>
     <span class='ocr_line' id='line_1_37' title="bbox 167 3346 1270 3423; baseline 0.01 -25"><span class='ocrx_word' id='word_1_383' title='bbox 167 3346 493 3411; x_wconf 70' lang='lat' dir='ltr'><strong>Fum.ep.14;Multianni</strong></span> <span class='ocrx_word' id='word_1_384' title='bbox 508 3359 573 3410; x_wconf 88' lang='lat' dir='ltr'><strong>sunt,</strong></span> <span class='ocrx_word' id='word_1_385' title='bbox 592 3369 648 3400; x_wconf 92' lang='lat' dir='ltr'><strong>cum</strong></span> <span class='ocrx_word' id='word_1_386' title='bbox 667 3354 711 3403; x_wconf 91' lang='lat' dir='ltr'><strong>ille</strong></span> <span class='ocrx_word' id='word_1_387' title='bbox 731 3355 758 3402; x_wconf 94' lang='lat' dir='ltr'><strong>in</strong></span> <span class='ocrx_word' id='word_1_388' title='bbox 775 3370 821 3403; x_wconf 83' lang='lat' dir='ltr'><strong>sere</strong></span> <span class='ocrx_word' id='word_1_389' title='bbox 838 3363 954 3406; x_wconf 89' lang='lat' dir='ltr'><strong>meoest.</strong></span> <span class='ocrx_word' id='word_1_390' title='bbox 981 3359 1022 3408; x_wconf 90' lang='grc'><strong>11.</strong></span> <span class='ocrx_word' id='word_1_391' title='bbox 1040 3375 1084 3423; x_wconf 87' lang='lat' dir='ltr'><strong>pro</strong></span> <span class='ocrx_word' id='word_1_392' title='bbox 1100 3360 1231 3410; x_wconf 67' lang='lat' dir='ltr'><strong>Cluento.</strong></span> <span class='ocrx_word' id='word_1_393' title='bbox 1243 3367 1270 3411; x_wconf 94' lang='grc'><strong>9.</strong></span> 
     </span>
     <span class='ocr_line' id='line_1_38' title="bbox 166 3410 1272 3477; baseline 0.014 -18"><span class='ocrx_word' id='word_1_394' title='bbox 166 3410 229 3460; x_wconf 89' lang='lat' dir='ltr'><strong>Dies</strong></span> <span class='ocrx_word' id='word_1_395' title='bbox 244 3414 350 3462; x_wconf 90' lang='lat' dir='ltr'><strong>nondum</strong></span> <span class='ocrx_word' id='word_1_396' title='bbox 367 3415 453 3464; x_wconf 90' lang='lat' dir='ltr'><strong>decem</strong></span> <span class='ocrx_word' id='word_1_397' title='bbox 466 3416 663 3474; x_wconf 78' lang='lat' dir='ltr'><strong>intercesserant,</strong></span> <span class='ocrx_word' id='word_1_398' title='bbox 678 3435 735 3468; x_wconf 92' lang='lat' dir='ltr'><strong>cum</strong></span> <span class='ocrx_word' id='word_1_399' title='bbox 750 3420 792 3468; x_wconf 88' lang='lat' dir='ltr'><strong>ille</strong></span> <span class='ocrx_word' id='word_1_400' title='bbox 810 3420 870 3470; x_wconf 86' lang='lat' dir='ltr'><strong>alter</strong></span> <span class='ocrx_word' id='word_1_401' title='bbox 880 3422 945 3471; x_wconf 89' lang='lat' dir='ltr'><strong>filius</strong></span> <span class='ocrx_word' id='word_1_402' title='bbox 955 3431 1061 3472; x_wconf 85' lang='lat' dir='ltr'><strong>necatur.</strong></span> <span class='ocrx_word' id='word_1_403' title='bbox 1096 3426 1272 3477; x_wconf 67' lang='grc'><strong>11111111.</strong></span> 
     </span>
     <span class='ocr_line' id='line_1_39' title="bbox 167 3478 1270 3554; baseline 0.014 -28"><span class='ocrx_word' id='word_1_404' title='bbox 167 3493 205 3540; x_wconf 88' lang='lat' dir='ltr'><strong>ep.</strong></span> <span class='ocrx_word' id='word_1_405' title='bbox 218 3483 241 3527; x_wconf 92' lang='lat' dir='ltr'><strong>l.</strong></span> <span class='ocrx_word' id='word_1_406' title='bbox 252 3478 350 3528; x_wconf 85' lang='lat' dir='ltr'><strong>Utinam</strong></span> <span class='ocrx_word' id='word_1_407' title='bbox 368 3481 431 3529; x_wconf 87' lang='lat' dir='ltr'><strong>diem</strong></span> <span class='ocrx_word' id='word_1_408' title='bbox 448 3482 517 3529; x_wconf 89' lang='lat' dir='ltr'><strong>illum</strong></span> <span class='ocrx_word' id='word_1_409' title='bbox 534 3482 639 3539; x_wconf 82' lang='lat' dir='ltr'><strong>videam,</strong></span> <span class='ocrx_word' id='word_1_410' title='bbox 650 3500 706 3532; x_wconf 94' lang='lat' dir='ltr'><strong>cum</strong></span> <span class='ocrx_word' id='word_1_411' title='bbox 723 3484 767 3533; x_wconf 90' lang='lat' dir='ltr'><strong>tibi</strong></span> <span class='ocrx_word' id='word_1_412' title='bbox 783 3487 872 3549; x_wconf 83' lang='lat' dir='ltr'><strong>gratias</strong></span> <span class='ocrx_word' id='word_1_413' title='bbox 889 3503 967 3550; x_wconf 79' lang='lat' dir='ltr'><strong>again.</strong></span> <span class='ocrx_word' id='word_1_414' title='bbox 994 3491 1035 3540; x_wconf 83' lang='lat' dir='ltr'><strong>ld.</strong></span> <span class='ocrx_word' id='word_1_415' title='bbox 1043 3505 1088 3554; x_wconf 83' lang='lat' dir='ltr'><strong>pro</strong></span> <span class='ocrx_word' id='word_1_416' title='bbox 1097 3491 1184 3541; x_wconf 77' lang='lat' dir='ltr'><strong>Pleas.</strong></span> <span class='ocrx_word' id='word_1_417' title='bbox 1193 3505 1216 3538; x_wconf 89' lang='lat' dir='ltr'><strong>c.</strong></span> <span class='ocrx_word' id='word_1_418' title='bbox 1227 3496 1270 3541; x_wconf 79' lang='grc'><strong>42.</strong></span> 
     </span>
     <span class='ocr_line' id='line_1_40' title="bbox 166 3542 1004 3616; baseline 0.013 -25"><span class='ocrx_word' id='word_1_419' title='bbox 166 3542 299 3609; x_wconf 87' lang='lat' dir='ltr'><strong>Nunquam</strong></span> <span class='ocrx_word' id='word_1_420' title='bbox 309 3545 437 3614; x_wconf 81' lang='lat' dir='ltr'><strong>obliviscar</strong></span> <span class='ocrx_word' id='word_1_421' title='bbox 449 3547 527 3596; x_wconf 88' lang='lat' dir='ltr'><strong>noctis</strong></span> <span class='ocrx_word' id='word_1_422' title='bbox 537 3547 613 3607; x_wconf 84' lang='lat' dir='ltr'><strong>illius,</strong></span> <span class='ocrx_word' id='word_1_423' title='bbox 624 3563 680 3597; x_wconf 83' lang='lat' dir='ltr'><strong>cum</strong></span> <span class='ocrx_word' id='word_1_424' title='bbox 690 3550 736 3599; x_wconf 88' lang='lat' dir='ltr'><strong>tibi</strong></span> <span class='ocrx_word' id='word_1_425' title='bbox 745 3551 855 3616; x_wconf 83' lang='lat' dir='ltr'><strong>vigilanti</strong></span> <span class='ocrx_word' id='word_1_426' title='bbox 864 3553 1004 3616; x_wconf 86' lang='lat' dir='ltr'><strong>pollicebar.</strong></span> 
     </span>
    </p>
   </div>
   <div class='ocr_carea' id='block_1_19' title="bbox 288 3661 1147 3725">
    <p class='ocr_par' dir='ltr' id='par_1_19' title="bbox 288 3661 1147 3725">
     <span class='ocr_line' id='line_1_41' title="bbox 288 3661 1147 3725; baseline 0.008 -16"><span class='ocrx_word' id='word_1_427' title='bbox 288 3663 313 3710; x_wconf 91' lang='grc'><strong>2.</strong></span> <span class='ocrx_word' id='word_1_428' title='bbox 324 3661 400 3720; x_wconf 66' lang='lat' dir='ltr'><strong>Casan</strong></span> <span class='ocrx_word' id='word_1_429' title='bbox 418 3676 453 3717; x_wconf 84' lang='lat' dir='ltr'><strong>us,</strong></span> <span class='ocrx_word' id='word_1_430' title='bbox 470 3661 535 3722; x_wconf 73' lang='lat' dir='ltr'><strong>oster</strong></span> <span class='ocrx_word' id='word_1_431' title='bbox 544 3662 605 3720; x_wconf 88' lang='lat' dir='ltr'><strong>tbut,</strong></span> <span class='ocrx_word' id='word_1_432' title='bbox 616 3664 696 3714; x_wconf 83' lang='lat' dir='ltr'><strong>ubilat</strong></span> <span class='ocrx_word' id='word_1_433' title='bbox 700 3665 862 3722; x_wconf 77' lang='lat' dir='ltr'><strong>;-oeletiter,</strong></span> <span class='ocrx_word' id='word_1_434' title='bbox 877 3665 1011 3725; x_wconf 67' lang='lat' dir='ltr'><strong>confestim,</strong></span> <span class='ocrx_word' id='word_1_435' title='bbox 1027 3668 1147 3718; x_wconf 74' lang='lat' dir='ltr'><strong>continuo.</strong></span> 
     </span>
    </p>
   </div>
   <div class='ocr_carea' id='block_1_20' title="bbox 96 3741 1270 4145">
    <p class='ocr_par' dir='ltr' id='par_1_20' title="bbox 96 3741 1270 4070">
     <span class='ocr_line' id='line_1_42' title="bbox 202 3741 1270 3803; baseline 0.013 -14"><span class='ocrx_word' id='word_1_436' title='bbox 202 3741 253 3792; x_wconf 83' lang='lat' dir='ltr'><strong>Cic.</strong></span> <span class='ocrx_word' id='word_1_437' title='bbox 259 3743 334 3792; x_wconf 80' lang='lat' dir='ltr'><strong>Brut.</strong></span> <span class='ocrx_word' id='word_1_438' title='bbox 345 3757 368 3789; x_wconf 90' lang='lat' dir='ltr'><strong>c.</strong></span> <span class='ocrx_word' id='word_1_439' title='bbox 380 3747 420 3791; x_wconf 83' lang='lat'><strong>88.</strong></span> <span class='ocrx_word' id='word_1_440' title='bbox 433 3742 574 3794; x_wconf 74' lang='lat' dir='ltr'><strong>Hortensius</strong></span> <span class='ocrx_word' id='word_1_441' title='bbox 589 3760 644 3793; x_wconf 92' lang='lat' dir='ltr'><strong>cum</strong></span> <span class='ocrx_word' id='word_1_442' title='bbox 658 3745 789 3794; x_wconf 85' lang='lat' dir='ltr'><strong>admodum</strong></span> <span class='ocrx_word' id='word_1_443' title='bbox 798 3745 940 3796; x_wconf 83' lang='lat' dir='ltr'><strong>adolescens</strong></span> <span class='ocrx_word' id='word_1_444' title='bbox 960 3763 1028 3796; x_wconf 89' lang='lat' dir='ltr'><strong>orsus</strong></span> <span class='ocrx_word' id='word_1_445' title='bbox 1038 3757 1106 3798; x_wconf 87' lang='lat' dir='ltr'><strong>esset</strong></span> <span class='ocrx_word' id='word_1_446' title='bbox 1120 3752 1148 3801; x_wconf 86' lang='lat' dir='ltr'><strong>in</strong></span> <span class='ocrx_word' id='word_1_447' title='bbox 1166 3751 1222 3801; x_wconf 80' lang='lat' dir='ltr'><strong>foro</strong></span> <span class='ocrx_word' id='word_1_448' title='bbox 1233 3753 1270 3803; x_wconf 90' lang='lat' dir='ltr'><strong>di-</strong></span> 
     </span>
     <span class='ocr_line' id='line_1_43' title="bbox 96 3806 1270 3878; baseline 0.009 -22"><span class='ocrx_word' id='word_1_449' title='bbox 96 3815 98 3821; x_wconf 84' lang='grc'>’</span> <span class='ocrx_word' id='word_1_450' title='bbox 165 3820 230 3862; x_wconf 77' lang='lat' dir='ltr'><strong>oete,</strong></span> <span class='ocrx_word' id='word_1_451' title='bbox 250 3807 360 3856; x_wconf 81' lang='lat' dir='ltr'><strong>celeriter</strong></span> <span class='ocrx_word' id='word_1_452' title='bbox 370 3806 401 3855; x_wconf 87' lang='lat' dir='ltr'><strong>ad</strong></span> <span class='ocrx_word' id='word_1_453' title='bbox 417 3807 518 3873; x_wconf 78' lang='lat' dir='ltr'><strong>majores</strong></span> <span class='ocrx_word' id='word_1_454' title='bbox 528 3824 612 3858; x_wconf 81' lang='lat' dir='ltr'><strong>causas</strong></span> <span class='ocrx_word' id='word_1_455' title='bbox 625 3811 733 3860; x_wconf 88' lang='lat' dir='ltr'><strong>adhiberi</strong></span> <span class='ocrx_word' id='word_1_456' title='bbox 750 3819 843 3876; x_wconf 88' lang='lat' dir='ltr'><strong>coeptus</strong></span> <span class='ocrx_word' id='word_1_457' title='bbox 853 3820 899 3861; x_wconf 88' lang='lat' dir='ltr'><strong>est.</strong></span> <span class='ocrx_word' id='word_1_458' title='bbox 925 3814 1008 3878; x_wconf 81' lang='lat' dir='ltr'><strong>Nepos</strong></span> <span class='ocrx_word' id='word_1_459' title='bbox 1018 3814 1113 3876; x_wconf 66' lang='lat' dir='ltr'><strong>sigerii.</strong></span> <span class='ocrx_word' id='word_1_460' title='bbox 1123 3831 1145 3865; x_wconf 91' lang='lat' dir='ltr'><strong>c.</strong></span> <span class='ocrx_word' id='word_1_461' title='bbox 1157 3821 1181 3866; x_wconf 87' lang='lat'><strong>8.</strong></span> <span class='ocrx_word' id='word_1_462' title='bbox 1192 3817 1233 3868; x_wconf 88' lang='grc'><strong>11.</strong></span> <span class='ocrx_word' id='word_1_463' title='bbox 1243 3819 1270 3867; x_wconf 88' lang='lat' dir='ltr'><strong>in</strong></span> 
     </span>
     <span class='ocr_line' id='line_1_44' title="bbox 166 3871 1270 3940; baseline 0.012 -20"><span class='ocrx_word' id='word_1_464' title='bbox 166 3871 274 3920; x_wconf 69' lang='lat' dir='ltr'><strong>Pataram</strong></span> <span class='ocrx_word' id='word_1_465' title='bbox 283 3878 337 3922; x_wconf 74' lang='lat' dir='ltr'><strong>ot.</strong></span> <span class='ocrx_word' id='word_1_466' title='bbox 346 3873 478 3922; x_wconf 81' lang='lat' dir='ltr'><strong>Pausanias</strong></span> <span class='ocrx_word' id='word_1_467' title='bbox 488 3889 543 3922; x_wconf 85' lang='lat' dir='ltr'><strong>oum</strong></span> <span class='ocrx_word' id='word_1_468' title='bbox 554 3876 702 3925; x_wconf 86' lang='lat' dir='ltr'><strong>semianimis</strong></span> <span class='ocrx_word' id='word_1_469' title='bbox 712 3878 743 3926; x_wconf 91' lang='lat' dir='ltr'><strong>de</strong></span> <span class='ocrx_word' id='word_1_470' title='bbox 753 3878 846 3940; x_wconf 81' lang='lat' dir='ltr'><strong>templo</strong></span> <span class='ocrx_word' id='word_1_471' title='bbox 856 3879 936 3926; x_wconf 86' lang='lat' dir='ltr'><strong>elatus</strong></span> <span class='ocrx_word' id='word_1_472' title='bbox 946 3887 1019 3936; x_wconf 81' lang='lat' dir='ltr'><strong>esset,</strong></span> <span class='ocrx_word' id='word_1_473' title='bbox 1026 3880 1156 3930; x_wconf 79' lang='lat' dir='ltr'><strong>confestim</strong></span> <span class='ocrx_word' id='word_1_474' title='bbox 1164 3884 1270 3933; x_wconf 83' lang='lat' dir='ltr'><strong>animam</strong></span> 
     </span>
     <span class='ocr_line' id='line_1_45' title="bbox 166 3935 1270 4004; baseline 0.014 -22"><span class='ocrx_word' id='word_1_475' title='bbox 166 3935 263 3983; x_wconf 83' lang='lat' dir='ltr'><strong>afflavit.</strong></span> <span class='ocrx_word' id='word_1_476' title='bbox 292 3938 331 3986; x_wconf 85' lang='lat' dir='ltr'><strong>ld.</strong></span> <span class='ocrx_word' id='word_1_477' title='bbox 351 3939 444 3988; x_wconf 82' lang='lat' dir='ltr'><strong>Cimon.</strong></span> <span class='ocrx_word' id='word_1_478' title='bbox 455 3955 476 3988; x_wconf 88' lang='lat' dir='ltr'><strong>c.</strong></span> <span class='ocrx_word' id='word_1_479' title='bbox 487 3943 512 3988; x_wconf 77' lang='lat'><strong>3.</strong></span> <span class='ocrx_word' id='word_1_480' title='bbox 531 3942 583 3990; x_wconf 83' lang='lat' dir='ltr'><strong>Cic.</strong></span> <span class='ocrx_word' id='word_1_481' title='bbox 592 3956 636 4004; x_wconf 79' lang='lat' dir='ltr'><strong>pro</strong></span> <span class='ocrx_word' id='word_1_482' title='bbox 655 3943 751 3993; x_wconf 83' lang='lat' dir='ltr'><strong>Cluent.</strong></span> <span class='ocrx_word' id='word_1_483' title='bbox 767 3959 790 3991; x_wconf 93' lang='lat' dir='ltr'><strong>c.</strong></span> <span class='ocrx_word' id='word_1_484' title='bbox 801 3948 818 3992; x_wconf 89' lang='grc'><strong>9</strong></span> <span class='ocrx_word' id='word_1_485' title='bbox 829 3950 853 3990; x_wconf 85' lang='lat' dir='ltr'><strong>et</strong></span> <span class='ocrx_word' id='word_1_486' title='bbox 864 3947 905 3992; x_wconf 88' lang='grc'><strong>69.</strong></span> <span class='ocrx_word' id='word_1_487' title='bbox 923 3943 979 3992; x_wconf 80' lang='lat' dir='ltr'><strong>Lis.</strong></span> <span class='ocrx_word' id='word_1_488' title='bbox 995 3944 1013 3993; x_wconf 88' lang='lat' dir='ltr'><strong>l.</strong></span> <span class='ocrx_word' id='word_1_489' title='bbox 1023 3947 1047 3993; x_wconf 88' lang='grc'><strong>2.</strong></span> <span class='ocrx_word' id='word_1_490' title='bbox 1058 3962 1080 3995; x_wconf 92' lang='lat' dir='ltr'><strong>c.</strong></span> <span class='ocrx_word' id='word_1_491' title='bbox 1092 3950 1132 3995; x_wconf 80' lang='grc'><strong>11.</strong></span> <span class='ocrx_word' id='word_1_492' title='bbox 1143 3955 1169 3996; x_wconf 89' lang='lat' dir='ltr'><strong>et</strong></span> <span class='ocrx_word' id='word_1_493' title='bbox 1186 3949 1203 3996; x_wconf 90' lang='lat' dir='ltr'><strong>l.</strong></span> <span class='ocrx_word' id='word_1_494' title='bbox 1211 3953 1237 3999; x_wconf 78' lang='grc'><strong>1.</strong></span> <span class='ocrx_word' id='word_1_495' title='bbox 1248 3967 1270 3998; x_wconf 88' lang='lat' dir='ltr'><strong>c.</strong></span> 
     </span>
     <span class='ocr_line' id='line_1_46' title="bbox 168 4001 1270 4070; baseline 0.015 -22"><span class='ocrx_word' id='word_1_496' title='bbox 168 4003 209 4050; x_wconf 88' lang='grc'><strong>19.</strong></span> <span class='ocrx_word' id='word_1_497' title='bbox 222 4001 540 4068; x_wconf 75' lang='lat' dir='ltr'><strong>ctc.1.1o.Fam.ep.1a.</strong></span> <span class='ocrx_word' id='word_1_498' title='bbox 556 4006 617 4055; x_wconf 83' lang='lat' dir='ltr'><strong>Cum</strong></span> <span class='ocrx_word' id='word_1_499' title='bbox 630 4022 715 4070; x_wconf 78' lang='lat' dir='ltr'><strong>magna</strong></span> <span class='ocrx_word' id='word_1_500' title='bbox 731 4007 859 4056; x_wconf 89' lang='lat' dir='ltr'><strong>multitudo</strong></span> <span class='ocrx_word' id='word_1_501' title='bbox 870 4006 960 4057; x_wconf 83' lang='lat' dir='ltr'><strong>civium</strong></span> <span class='ocrx_word' id='word_1_502' title='bbox 977 4025 1017 4058; x_wconf 87' lang='lat' dir='ltr'><strong>me</strong></span> <span class='ocrx_word' id='word_1_503' title='bbox 1034 4010 1147 4061; x_wconf 87' lang='lat' dir='ltr'><strong>dedomo</strong></span> <span class='ocrx_word' id='word_1_504' title='bbox 1162 4013 1270 4064; x_wconf 89' lang='lat' dir='ltr'><strong>deduce-</strong></span> 
     </span>
    </p>

    <p class='ocr_par' dir='ltr' id='par_1_21' title="bbox 166 4067 1154 4145">
     <span class='ocr_line' id='line_1_47' title="bbox 166 4067 1154 4145; baseline 0.014 -31"><span class='ocrx_word' id='word_1_505' title='bbox 166 4072 214 4130; x_wconf 85' lang='lat' dir='ltr'><strong>ret,</strong></span> <span class='ocrx_word' id='word_1_506' title='bbox 227 4067 275 4116; x_wconf 80' lang='lat' dir='ltr'><strong>ieci</strong></span> <span class='ocrx_word' id='word_1_507' title='bbox 292 4067 405 4117; x_wconf 90' lang='lat' dir='ltr'><strong>continuo</strong></span> <span class='ocrx_word' id='word_1_508' title='bbox 422 4085 508 4119; x_wconf 89' lang='lat' dir='ltr'><strong>omnes</strong></span> <span class='ocrx_word' id='word_1_509' title='bbox 524 4072 656 4136; x_wconf 85' lang='lat' dir='ltr'><strong>participes</strong></span> <span class='ocrx_word' id='word_1_510' title='bbox 674 4088 734 4122; x_wconf 85' lang='lat' dir='ltr'><strong>meae</strong></span> <span class='ocrx_word' id='word_1_511' title='bbox 743 4074 881 4139; x_wconf 85' lang='lat' dir='ltr'><strong>voluptatis.</strong></span> <span class='ocrx_word' id='word_1_512' title='bbox 898 4073 944 4138; x_wconf 91' lang='lat' dir='ltr'><strong>(V.</strong></span> <span class='ocrx_word' id='word_1_513' title='bbox 955 4089 1028 4138; x_wconf 87' lang='lat' dir='ltr'><strong>supra</strong></span> <span class='ocrx_word' id='word_1_514' title='bbox 1038 4077 1068 4125; x_wconf 90' lang='lat' dir='ltr'><strong>ad</strong></span> <span class='ocrx_word' id='word_1_515' title='bbox 1079 4092 1104 4125; x_wconf 88' lang='grc' dir='ltr'><strong>ιι.</strong></span> <span class='ocrx_word' id='word_1_516' title='bbox 1112 4079 1154 4145; x_wconf 83' lang='grc'><strong>4.)</strong></span> 
     </span>
    </p>
   </div>
   <div class='ocr_carea' id='block_1_21' title="bbox 132 4259 1270 4404">
    <p class='ocr_par' dir='ltr' id='par_1_22' title="bbox 132 4259 1270 4404">
     <span class='ocr_line' id='line_1_48' title="bbox 132 4259 1270 4334; baseline 0.015 -26"><span class='ocrx_word' id='word_1_517' title='bbox 132 4278 135 4286; x_wconf 26' lang='grc' dir='ltr'><strong>Δ</strong></span> <span class='ocrx_word' id='word_1_518' title='bbox 200 4259 235 4326; x_wconf 87' lang='lat'><strong>[¹⁷</strong></span> <span class='ocrx_word' id='word_1_519' title='bbox 247 4259 281 4310; x_wconf 83' lang='lat' dir='ltr'><strong>Et</strong></span> <span class='ocrx_word' id='word_1_520' title='bbox 290 4260 398 4313; x_wconf 86' lang='lat' dir='ltr'><strong>futurum</strong></span> <span class='ocrx_word' id='word_1_521' title='bbox 416 4263 681 4330; x_wconf 79' lang='lat' dir='ltr'><strong>plusquamperfectum.</strong></span> <span class='ocrx_word' id='word_1_522' title='bbox 707 4267 759 4318; x_wconf 79' lang='lat' dir='ltr'><strong>Cic.</strong></span> <span class='ocrx_word' id='word_1_523' title='bbox 774 4268 792 4318; x_wconf 93' lang='lat' dir='ltr'><strong>l.</strong></span> <span class='ocrx_word' id='word_1_524' title='bbox 806 4273 846 4318; x_wconf 84' lang='grc'><strong>16.</strong></span> <span class='ocrx_word' id='word_1_525' title='bbox 866 4270 937 4320; x_wconf 76' lang='lat' dir='ltr'><strong>Fom-</strong></span> <span class='ocrx_word' id='word_1_526' title='bbox 950 4285 987 4334; x_wconf 82' lang='lat' dir='ltr'><strong>ep.</strong></span> <span class='ocrx_word' id='word_1_527' title='bbox 998 4273 1024 4321; x_wconf 79' lang='grc'><strong>1.</strong></span> <span class='ocrx_word' id='word_1_528' title='bbox 1045 4267 1127 4330; x_wconf 80' lang='lat' dir='ltr'><strong>Quum</strong></span> <span class='ocrx_word' id='word_1_529' title='bbox 1138 4273 1270 4324; x_wconf 83' lang='lat' dir='ltr'><strong>valetudini</strong></span> 
     </span>
     <span class='ocr_line' id='line_1_49' title="bbox 166 4326 1084 4404; baseline 0.015 -26"><span class='ocrx_word' id='word_1_530' title='bbox 166 4336 214 4378; x_wconf 85' lang='lat' dir='ltr'><strong>tuae</strong></span> <span class='ocrx_word' id='word_1_531' title='bbox 230 4326 410 4392; x_wconf 82' lang='lat' dir='ltr'><strong>diligentissime</strong></span> <span class='ocrx_word' id='word_1_532' title='bbox 426 4331 584 4390; x_wconf 82' lang='lat' dir='ltr'><strong>consulueris,</strong></span> <span class='ocrx_word' id='word_1_533' title='bbox 592 4338 652 4393; x_wconf 88' lang='lat' dir='ltr'><strong>tum,</strong></span> <span class='ocrx_word' id='word_1_534' title='bbox 662 4333 696 4384; x_wconf 88' lang='lat' dir='ltr'><strong>mi</strong></span> <span class='ocrx_word' id='word_1_535' title='bbox 707 4332 774 4401; x_wconf 77' lang='lat' dir='ltr'><strong>Tiro,</strong></span> <span class='ocrx_word' id='word_1_536' title='bbox 785 4335 904 4386; x_wconf 82' lang='lat' dir='ltr'><strong>consulito</strong></span> <span class='ocrx_word' id='word_1_537' title='bbox 914 4336 1084 4404; x_wconf 52' lang='lat' dir='ltr'><strong>seductorii</strong></span> 
     </span>
    </p>
   </div>
   <div class='ocr_carea' id='block_1_22' title="bbox 0 0 1342 4636">
    <p class='ocr_par' dir='ltr' id='par_1_23' title="bbox 0 0 1342 4636">
     <span class='ocr_line' id='line_1_50' title="bbox 0 0 1342 4636; baseline 0 0"><span class='ocrx_word' id='word_1_538' title='bbox 0 0 1342 4636; x_wconf 95' lang='lat' dir='ltr'><strong> </strong></span> 
     </span>
    </p>
   </div>
  </div>
 </body>
</html>
