2670 4636
66 218 168 306 triu]
417 216 473 285 Dii
504 213 747 284 innitentis
767 223 825 278 etin
1113 218 1169 282 itt

64 362 128 440 opud
138 371 249 419 emtores
259 377 354 434 semper
363 362 433 415 initio
443 362 548 434 punitur.
559 363 583 399 ¹³
618 363 754 426 Utrumque
761 370 842 413 eutem
851 364 975 414 continuet
984 360 1106 412 interdiuu
1116 378 1173 413 oru-

65 435 163 478 irouem.
191 430 272 479 cmi
288 430 357 479 Verr.
367 446 390 480 c.
402 433 444 479 00.
460 427 589 477 Attendite
600 429 666 477 enim
683 429 821 491 diligenter.
848 430 993 479 Ceruarii.
1005 429 1040 479 Β.
1054 431 1082 477 C.
1095 431 1169 479 ο.02.

66 495 112 556 17.
132 494 184 545 cic.
194 494 211 543 1.
224 498 248 544 2.
260 497 289 544 de
302 496 372 545 Orat.
384 512 406 545 c.
419 498 458 543 10.
468 496 506 548 id.
515 497 531 541 2
540 495 646 559 Philipp.
657 512 679 542 c.
692 497 733 552 12ι
744 497 784 551 10,
793 501 841 543 cet.

98 560 178 674 (ἔξω
194 561 265 610 Verr.
278 575 300 608 c.
312 558 352 610 69.
371 560 469 609 Etenim
480 575 531 608 rem
542 566 625 617 totam,
640 558 743 623 judices,
762 560 868 608 breviter
878 559 1027 622 cognoscite.
1045 559 1102 608 *Iri
1113 557 1130 606 1.
1144 562 1168 606 1.

64 625 92 674 de
132 630 168 674 et.
177 625 213 675 D.
223 641 245 674 e.
256 628 290 674 02
299 625 326 673 et
336 629 376 676 00.

419 723 434 752 ⁴
450 725 474 770 2.
490 723 564 770 Enim
575 722 599 768 in
610 721 813 784 responsionibus.

95 808 173 861 Enim
187 811 286 875 ponitur
299 812 326 860 in
345 811 551 876 responsionibus.
576 811 628 860 Cir.
643 811 660 858 l.
672 816 696 859 l.
715 811 784 860 Fum.
795 825 831 873 ep.
843 813 882 858 10.
908 811 958 858 Cur
976 811 1040 858 enirn
1059 809 1104 857 tibi
1120 810 1166 857 hoc

62 890 110 923 non
122 877 251 940 gratificer,
268 878 388 927 nescium
422 877 568 932 Quintilian.
580 876 597 922 l.
608 879 633 924 6.
648 892 670 924 c.
684 878 707 922 3.
725 877 777 924 Cir.
790 877 807 922 l.
817 881 840 924 2.
857 878 886 925 de
906 878 1060 925 Oratelli.
1083 875 1167 923 Plani.

63 942 312 992 limentinum.
337 944 411 991 Nunc
429 941 487 1003 quid
508 940 602 988 uosvis
618 940 716 989 iacere?
741 940 1167 996 0010111110,ιῑεῐιιιιιιιειῑι,

62 1005 163 1069 impero.
181 1007 221 1055 Id.
233 1008 292 1056 Mil.
302 1011 327 1057 2.
339 1012 363 1057 4.
377 1012 416 1057 19.
433 1007 499 1063 Quid
510 1005 599 1054 metuis
609 1006 617 1052 i
648 1007 694 1054 Ge.
711 1005 783 1052 Enim
793 1021 824 1052 ne
835 1017 930 1054 nosmet
942 1005 1115 1069 perdiderimus
1125 1020 1166 1052 us-

62 1071 137 1137 piam.
170 1071 215 1135 (In
233 1073 432 1135 responsionibus
449 1072 512 1120 enim
528 1072 600 1118 modo
618 1070 739 1132 significet
755 1069 855 1126 seilicet,
874 1086 938 1120 eune.
954 1069 1092 1118 vid.n.10.
1105 1068 1167 1116 sffir-

62 1143 173 1200 meique:
186 1137 258 1185 modo
273 1138 392 1186 rationem
407 1137 488 1184 reddit
499 1135 560 1199 ejus,
573 1134 637 1199 quod
654 1150 699 1198 per
714 1134 810 1199 ellipsin
823 1135 957 1184 omittitur:
975 1137 1032 1199 quia
1042 1134 1114 1183 focile
1129 1134 1166 1180 in·

61 1199 140 1267 telligi
149 1209 245 1266 potest:
263 1203 394 1260 utinnmn,
406 1203 437 1249 de
449 1217 496 1266 quo
507 1217 552 1249 suo
561 1200 639 1264 loco.)

400 1306 416 1338 ¹⁸
428 1311 452 1356 0.
469 1308 544 1356 Enim
552 1321 596 1370 pro
606 1306 686 1369 igitur
693 1322 774 1354 rurum
784 1315 830 1356 est.
844 1307 845 1310 ’

95 1388 307 1446 Quemadmodum
317 1404 380 1452 saepe
393 1388 536 1451 porticulum
545 1388 624 1450 igitur
633 1388 753 1449 ponimus,
763 1403 818 1446 cum
829 1385 966 1436 exordimur
976 1387 1109 1434 orationem
1123 1388 1167 1435 ιι1111

63 1468 151 1516 quum3
163 1455 203 1502 sic
214 1454 344 1516 aliquando
355 1455 417 1504 enim
427 1453 498 1516 ponit
510 1454 603 1509 Cicero,
611 1468 655 1516 pro
667 1454 756 1502 Munii.
767 1469 789 1500 c.
800 1456 823 1500 2.
847 1453 955 1500 Primum
964 1453 1023 1500 mihi
1034 1454 1128 1500 videtur
1136 1453 1167 1501 de

62 1533 151 1583 genere
163 1519 231 1576 belli,
243 1519 331 1568 deinde
342 1519 372 1568 de
380 1518 556 1582 magnitudine,
566 1526 619 1566 tum
629 1517 659 1565 de
672 1518 813 1581 imperatore
823 1517 953 1580 deligendo
964 1533 1017 1566 esse
1029 1518 1166 1569 dicendum.

63 1582 149 1632 Genus
160 1591 199 1631 est
210 1584 276 1632 enim
285 1584 409 1649 ejusmodi,
421 1583 486 1645 quod
496 1584 600 1631 maxime
611 1590 704 1630 vestros
716 1584 808 1630 unimos
819 1582 924 1630 excitare
937 1590 1009 1645 atque
1020 1582 1166 1631 inflammare

62 1647 160 1698 debeat.
188 1647 248 1714 (Est
258 1650 297 1698 hic
307 1649 389 1713 potius
400 1649 563 1712 copulativum
576 1655 602 1697 et
618 1647 753 1696 transitioui
768 1648 888 1696 serviens:
907 1663 954 1712 quo
966 1648 1036 1695 modo
1047 1663 1112 1712 saepe
1123 1662 1167 1710 po·

61 1712 143 1761 nitur:
161 1715 210 1762 huc
221 1716 343 1778 pertinent
353 1729 378 1761 n.
389 1718 413 1763 4.
425 1714 465 1778 9.)
957 1713 961 1720 '

426 1811 443 1842 ³
453 1815 478 1860 4.
489 1812 563 1861 Enim
573 1812 600 1859 in
611 1811 801 1860 enumeratione.

94 1890 171 1940 usin
190 1889 217 1938 in
234 1891 416 1940 eumueretione
438 1893 518 1940 locum
536 1893 642 1956 aliquem
659 1894 761 1949 obtinet,
778 1892 817 1941 uti
827 1907 883 1942 num
893 1899 920 1939 et
930 1891 1166 1956 similesparticiilae.

63 1955 119 2004 ue.
130 1957 149 2004 1.
161 1960 187 2005 t.
197 1971 220 2004 c.
230 1960 254 2005 0.
265 1972 321 2005 cum
332 1959 363 2005 de
375 1957 464 2014 Numa,
476 1959 506 2007 L.
517 1959 654 2022 Tarquinio,
676 1959 759 2006 Servio
772 1957 853 2007 Tullio
863 1958 972 2013 dixisset,
990 1958 1085 2034 pergit:
1103 1959 1169 2019 Quid

61 2021 128 2068 enim
137 2020 170 2069 de
181 2021 210 2070 T.
219 2022 288 2070 Tatio
299 2022 388 2070 Sabino
400 2023 486 2079 dicum,
505 2038 577 2085 quem
595 2024 647 2087 ipse
669 2022 796 2079 Romulus,
808 2038 895 2085 parens
905 2024 980 2078 urbis,
990 2039 1015 2070 m
1026 2024 1170 2074 societatem

59 2085 254 2150 reguiaccepitt
273 2086 384 2152 (videtur
392 2087 474 2151 potius
491 2088 627 2137 transitioni
646 2087 677 2137 ad
691 2088 758 2138 aliud
768 2089 915 2153 exemptus,
937 2097 1104 2152 argumentum
1121 2097 1170 2140 etc.

61 2151 161 2210 seruire,
174 2160 204 2200 ut
221 2167 247 2201 n.
260 2153 297 2218 0.)

373 2250 421 2298 ¹5.
438 2252 511 2305 Enim
522 2266 565 2314 pro
577 2250 695 2301 enimvero
705 2249 864 2313 indignantis.

68 2320 71 2329 ¹
96 2338 172 2390 Enim
178 2337 301 2391 interdum
308 2355 352 2403 pro
359 2341 478 2390 eminuere
485 2340 591 2402 ponitur.
602 2340 656 2390 Irin.
664 2340 727 2393 120.
736 2357 757 2389 c.
765 2345 806 2390 45.
818 2340 973 2392 Romernros
980 2352 1169 2408 expugnaturos,
1186 2367 1188 2371 >

62 2402 152 2464 siquis
161 2404 270 2460 duceret,
281 2405 356 2452 fortes
370 2404 453 2468 lingua
460 2405 597 2469 jactabitis.
630 2404 704 2452 Enim
718 2414 782 2453 nunc
794 2405 872 2454 minor
888 2415 927 2455 est
937 2424 984 2456 res.
1017 2410 1056 2457 Sic
1073 2410 1169 2472 experi-

61 2467 123 2514 miui
132 2467 190 2516 vim.
207 2471 248 2518 tie
255 2476 352 2532 present
363 2469 385 2518 is
395 2485 410 2529 o
421 2472 468 2518 teos
478 2470 504 2517 di
559 2472 578 2519 tt
592 2469 704 2519 business.
738 2472 778 2519 ld.
787 2469 805 2518 l.
815 2473 854 2519 04.
865 2487 887 2520 c.
898 2476 939 2522 02.
957 2473 1029 2522 Enim
1039 2482 1068 2522 ut
1074 2476 1124 2539 jum
1135 2476 1170 2522 its

60 2531 114 2580 siut
131 2533 192 2590 hee,
212 2534 272 2597 quid
287 2535 319 2583 ud
333 2549 376 2582 voe
391 2533 510 2582 Romani.
540 2535 578 2583 id.
590 2535 607 2582 1.
619 2537 659 2584 21.
671 2551 692 2583 e.
704 2539 752 2584 25.

482 2640 497 2670 “
509 2644 534 2691 6.
545 2640 620 2696 Enim
630 2655 674 2702 pro
684 2655 750 2690 nero.

96 2719 172 2768 Enim
188 2686 235 2782 pro
250 2719 468 2773 nmuffimationi
485 2737 542 2769 cum
562 2720 729 2782 indignatione
747 2721 879 2786 conjuncte
899 2723 981 2773 servit.
1017 2725 1172 2775 Cesar-M.

60 2783 98 2834 B.
109 2785 143 2833 G.
152 2798 175 2833 c.
186 2787 212 2833 7.
222 2785 235 2849 ξ
247 2790 270 2834 0.
297 2785 345 2833 Ille
356 2787 421 2842 enim
432 2793 558 2834 revocatus
567 2786 689 2841 resistere,
700 2801 729 2834 ac
741 2802 767 2834 se
778 2802 852 2834 mauu
865 2788 1004 2843 defendere,
1024 2805 1171 2854 suorumque

60 2847 136 2896 fldem
154 2849 376 2914 implorereooepin
411 2852 466 2900 Ter.
475 2851 565 2915 Heryr.
574 2855 598 2898 ὅ.
610 2855 635 2900 4.
661 2851 748 2900 Piuut.
759 2851 833 2914 Epiri.
841 2855 864 2898 5.
875 2855 900 2901 2.
919 2853 1001 2901 Corin.
1012 2857 1102 2904 2484
1112 2861 1136 2905 6.

479 2947 494 2976 '³
506 2951 531 2998 7.
548 2948 623 2995 Enim
634 2947 659 2994 in
670 2947 757 3017 ironis.

98 3026 149 3075 Gir.
159 3026 187 3074 in
197 3027 272 3078 Brut.
283 3032 357 3078 essu.
374 3025 452 3074 ODii
460 3027 530 3075 boni!
549 3027 609 3090 quid
620 3043 702 3090 quaeso
718 3041 764 3075 nos
779 3020 843 3076 aliud
860 3029 960 3092 murus,
977 3036 1019 3077 aut
1030 3030 1088 3093 quid
1103 3031 1171 3081 aliud

61 3091 193 3153 optumus?
210 3099 236 3139 ut
255 3093 303 3140 non
319 3093 478 3155 assequimur.
512 3092 557 3140 Isti
571 3093 635 3140 enim
654 3092 769 3140 videlicet
787 3092 866 3142 Attici
887 3094 970 3150 nostri,
990 3096 1055 3157 quod
1076 3098 1170 3155 volunt,

62 3163 236 3218 assequuntur.
253 3159 296 3206 brit
309 3158 411 3221 perturpe
420 3173 456 3207 we
466 3173 508 3208 ure
524 3159 610 3207 unable
627 3162 651 3206 to
666 3159 773 3207 eueceeci.
808 3158 883 3208 Tisse
898 3160 1038 3218 Atticinum,
1054 3163 1170 3220 however,

61 3222 160 3284 acquin
171 3222 232 3271 witi
243 3236 296 3272 eure
307 3223 347 3272 tire
353 3225 435 3288 paitru
446 3224 570 3273 cierentur
582 3223 636 3289 tbey
647 3225 696 3272 uim
704 3228 739 3272 at.

458 3321 474 3350 ¹*
485 3324 509 3368 8.
526 3321 600 3369 Enim
610 3337 654 3384 pro
665 3321 702 3370 ut
712 3319 784 3369 eninr.

68 3398 73 3402 ’
98 3398 175 3476 Enim
183 3415 356 3476 nonnunquam
366 3401 465 3476 ponitur
474 3417 518 3475 pro
530 3405 566 3451 At
577 3403 676 3452 enimin
687 3401 895 3477 occupetionibus.
920 3404 972 3452 Cic.
984 3408 1000 3452 6
1016 3402 1085 3454 Verr.
1097 3421 1119 3452 c.
1132 3408 1173 3455 ll.

63 3462 180 3540 §micum
191 3481 257 3514 emm
266 3473 376 3544 nostrum
387 3467 412 3513 in
418 3467 538 3528 judicium
547 3468 670 3542 recubas.¹
687 3467 724 3514 Tu
735 3465 795 3530 quid
805 3483 850 3531 ego
861 3467 973 3530 privatim
979 3469 1071 3531 negotii
1083 3485 1172 3533 gerum,

62 3532 299 3651 Ἐξιῗιὲῗὺίιθτιι
313 3531 445 3581 minuendo
460 3533 551 3580 honore
562 3532 704 3582 Senatorio?
723 3533 763 3581 Iri.
775 3537 790 3581 0
805 3533 875 3582 Verr.
886 3550 908 3581 c.
919 3537 944 3582 9.
954 3550 999 3625 pro
1013 3535 1103 3583 Caeein.
1113 3550 1135 3582 c.
1147 3537 1172 3583 0.

430 3700 473 3746 “9.
491 3698 544 3746 Nec
554 3696 625 3745 enim.
660 3697 744 3759 Neque
754 3696 825 3746 enim.

99 3777 153 3826 Nee
163 3777 236 3834 enim,
253 3784 297 3826 sut
315 3779 400 3840 Neque
417 3777 488 3834 enim,
506 3793 549 3840 pro
567 3778 624 3826 Non
638 3777 701 3826 enim
718 3776 766 3824 dici
784 3777 855 3826 solet.
891 3778 943 3826 Cic.
954 3780 983 3826 de
995 3777 1088 3827 Seueri.
1100 3795 1121 3826 c.
1135 3781 1175 3828 10.

63 3839 121 3889 Nec
143 3843 208 3891 enim
226 3858 333 3906 uuquam
348 3859 401 3893 sum
420 3858 534 3893 assensus
551 3842 629 3890 veteri
647 3842 684 3890 illi
701 3842 847 3906 laudatoque
864 3843 999 3907 proverbio.
1030 3843 1176 3894 1011.οε

101 4037 122 4071 ¹³
136 4037 236 4101 Etenim
243 4044 291 4084 tem
299 4052 351 4086 raro
358 4037 503 4103 interjicitur
511 4037 621 4093 orationi,
633 4044 659 4085 ut
668 4053 752 4086 auctor
760 4045 826 4086 recte
837 4038 863 4085 id
872 4039 898 4085 in
909 4037 1028 4101 principio
1038 4038 1096 4102 poni
1104 4039 1176 4086 dicut.

66 4102 120 4165 Ego
136 4100 235 4165 quidem
247 4117 325 4166 peuce
335 4103 416 4166 reperi
427 4104 547 4166 exemplu,
558 4104 584 4150 in
595 4103 681 4165 quibus
692 4104 741 4167 ipsi
752 4103 877 4150 sententie
889 4103 920 4150 sit
930 4103 981 4151 inte
1011 4105 1105 4151 ositum.
1123 4105 1175 4152 Cir.

65 4168 97 4218 de
108 4167 205 4216 Seneet.
224 4184 246 4214 c.
258 4169 282 4216 l.
306 4169 448 4220 Libidinosa
465 4169 555 4216 etenim
570 4175 595 4215 et
609 4168 773 4232 intemperans
786 4168 955 4218 adolescentis,
967 4120 1079 4218 olibetum
1092 4183 1184 4233 eorpus

65 4231 142 4281 trudit
150 4230 277 4279 senectuti.
293 4233 333 4282 Ju.
344 4233 361 4282 l.
371 4238 410 4282 11.
418 4235 489 4284 Fam.
497 4249 533 4298 ep.
543 4237 585 4284 21.
598 4240 624 4284 et
627 4249 677 4304 pro
691 4235 753 4287 Coei.
764 4251 788 4285 c.
799 4239 826 4287 0.
839 4235 939 4288 Plini.
947 4239 1086 4289 liubi.
1117 4278 1120 4283 .

96 4296 120 4331 ¹⁴
127 4295 198 4341 Licet
206 4301 283 4342 temen
294 4297 368 4346 etiam
375 4300 453 4362 paulo
462 4298 535 4351 aliter
542 4300 706 4370 interpretari
716 4304 765 4357 boe
777 4303 865 4357 Enim.
