2670 4636
166 240 226 305 occ
490 239 662 302 uonuru
690 226 934 305 iuuencum
1097 316 1103 327 ³
1228 244 1266 320 [ο

167 352 422 454 muesjecmuumn
436 389 462 437 u
472 388 621 452 improbrior
632 387 775 438 tuomum!
802 389 840 438 ru.
854 405 899 454 pr.
911 391 966 440 mu.
977 407 1000 438 e.
1011 391 1051 438 eo.
1069 389 1189 437 omnm
1199 386 1265 435 rin..

168 453 272 512 mrtem,
284 471 337 519 que
356 456 416 503 hunc
427 455 504 503 virum
515 453 650 517 exceperit!

519 557 542 600 3.
559 550 710 613 Indignantle
720 566 748 600 ec
759 552 910 601 detectentie.

200 631 323 680 Interdum
338 632 491 695 indignantia.
526 632 705 695 computem.
717 649 739 680 c.
749 636 774 680 2.
799 630 1265 692 Oincredibilemeudccinm.0impu-

167 697 272 746 dentiam
281 696 470 760 predicandam!
492 698 531 747 ld·
540 696 595 746 Au.
606 697 623 743 l.
632 707 657 744 et
666 713 702 761 ep.
715 700 738 746 8.
757 697 779 744 0
789 705 948 760 remturpem.
958 707 983 745 et
992 713 1021 745 eo
1030 713 1056 744 re
1067 695 1190 744 miserem!
1203 696 1266 744 lbid.

165 761 401 875 ¹(niorrqqqlugnbreml
419 762 505 826 ltaque
521 760 670 810 intercludet
687 761 776 810 dolore.
808 763 847 810 Id.
867 766 880 809 l
895 764 969 812 Cutil.
986 779 1009 811 c.
1026 768 1048 813 l.
1065 761 1088 808 0
1101 756 1224 824 tempora!
1242 759 1265 808 0

634 929 658 972 4.
675 924 794 973 Dolentis.

198 1003 388 1052 Alioedolentis.
423 1005 475 1053 Cic.
493 1003 509 1051 Ι.
520 1007 562 1053 ’14.
578 1004 646 1053 Fam.
656 1019 692 1066 ep.
703 1009 727 1053 4.
761 1004 972 1066 Omeperditum‚
988 1007 1013 1055 Ο
1033 1020 1070 1052 me
1082 988 1206 1052 cilicium!
1226 1004 1265 1052 Id.

165 1070 351 1118 §Verr.c.88.
376 1069 571 1131 Oepectnculum
589 1070 710 1125 miserum,
731 1076 801 1131 etque
820 1070 950 1117 acerbum!
987 1069 1075 1118 'Aac
1092 1070 1146 1118 13.
1159 1071 1208 1126 Qu.
1221 1069 1263 1118 Fr.

165 1149 202 1196 ep.
212 1139 236 1182 9.
248 1142 273 1182 et
281 1149 324 1196 pm
339 1135 393 1183 lilii.
403 1152 426 1184 c.
437 1137 477 1182 87.

540 1236 563 1279 5.
580 1231 714 1289 Exultantie
723 1239 765 1278 aut
776 1231 886 1279 laetentis.

196 1309 335 1375 Aliquando
344 1312 431 1375 gaudio
440 1311 578 1358 exultantis.
609 1311 660 1359 Cic.
675 1316 704 1361 14
716 1312 781 1362 Pltil.
794 1328 815 1358 c.
829 1317 868 1361 10.
886 1312 908 1360 0
921 1310 1083 1375 solemipeum
1093 1311 1262 1367 beatissimum,

164 1377 207 1441 qui
222 1377 352 1440 fugientem
370 1376 430 1423 vidit
444 1375 587 1423 Antonium!
609 1376 703 1424 Terent.
714 1376 792 1424 Andr.
804 1380 827 1423 1.
841 1383 863 1425 1.
880 1377 901 1423 0
920 1377 1009 1424 fectum
1027 1376 1098 1432 bene,
1118 1376 1197 1425 beasti
1209 1373 1259 1423 mel

167 1444 219 1492 cte.
230 1442 247 1489 l.
258 1448 296 1492 12.
315 1443 370 1491 Att.
379 1457 415 1504 ep.
425 1444 450 1489 4.
466 1440 575 1504 Ogmtue
591 1448 644 1488 tune
662 1441 720 1488 mihi
736 1440 903 1505 jucundaeque
917 1440 1012 1489 literae!
1030 1440 1045 1469 ¹*
1055 1443 1094 1491 ld.
1112 1442 1129 1488 l.
1142 1445 1182 1492 10.
1194 1442 1260 1491 ch.

164 1520 200 1571 op.
214 1504 253 1556 14.

629 1607 653 1652 6.
671 1602 790 1667 Optantio.

196 1684 264 1733 Aliae
272 1685 384 1748 optentis.
417 1686 468 1734 Cic.
480 1689 495 1734 2
512 1686 585 1734 Cutil.
596 1701 618 1732 c.
629 1689 653 1733 4.
671 1684 692 1732 0
704 1684 849 1732 fortunatum
864 1685 1044 1750 rempublicam,
1059 1684 1189 1748 siquidem
1200 1685 1258 1732 benc

163 1749 279 1797 sentinam
297 1751 358 1796 urbis
368 1749 481 1810 ejecerit!
505 1751 593 1810 Virgil.
611 1750 628 1796 Ι.
646 1752 670 1797 8.
685 1751 783 1798 AEneid.
801 1767 825 1800 v.
844 1753 899 1799 500.
917 1751 1010 1799 Omilri
1028 1751 1160 1812 praeteritos
1176 1749 1260 1798 referat

163 1814 185 1861 ci
193 1815 289 1877 Jupiter
297 1815 384 1861 runos!
419 1815 433 1842 ⁴¹
444 1814 506 1860 Add.
520 1815 571 1862 Cic.
582 1816 612 1862 de
622 1814 717 1862 Seuect.
727 1830 750 1861 c.
763 1815 805 1862 ult.

609 1915 635 1961 7.
650 1910 812 1973 Implorantie.

195 1989 253 2039 Non
271 2007 323 2039 mro
338 1992 494 2053 implorantis.
530 1993 606 2041 Cimo
623 1992 691 2042 Veri.
702 2008 723 2039 c.
733 1996 775 2040 03.
800 1993 928 2040 Onomen
947 1994 1019 2041 dulce
1036 1992 1167 2041 libemus!
1189 1992 1260 2056 Ojue
1329 2016 1333 2024 =

162 2056 276 2105 eximium
288 2065 372 2104 noetrae
384 2056 500 2104 civitatis!
519 2056 541 2104 0
553 2057 590 2103 lex
602 2056 686 2104 Portia
696 2058 809 2120 legesque
819 2057 980 2121 Semproniae!

605 2159 629 2204 8.
648 2152 805 2202 Exsecrentie.

193 2233 343 2296 Quandoque
354 2233 506 2281 ereecrentie.
538 2235 589 2282 Cic.
600 2238 629 2283 ll
644 2235 711 2283 ΡΙιὶἱ.
722 2250 744 2281 c.
756 2238 780 2282 4.
799 2233 821 2281 Ο
832 2234 908 2281 multo
919 2233 1025 2282 miserior
1039 2233 1175 2292 Dolabella,
1186 2249 1255 2297 quem

160 2297 202 2346 ille
220 2298 282 2361 ipso,
301 2314 373 2361 quem
389 2307 413 2344 tu
430 2298 586 2346 miserrimum
599 2313 650 2345 eree
661 2298 772 2346 voluisti!
792 2299 854 2348 lor
870 2301 938 2349 Vm.
949 2315 970 2347 c.
983 2303 1023 2348 15.
1041 2300 1064 2347 O
1080 2306 1219 2363 portentum
1232 2300 1257 2347 iu

160 2363 256 2411 ultimae
266 2369 342 2411 terroe
352 2364 519 2426 asportandum
530 2363 536 2408 l

624 2466 648 2510 9.
665 2460 795 2510 Irridcntie.

193 2540 307 2605 Denique
317 2544 436 2591 interdum
445 2542 575 2592 irridentis.
611 2543 662 2591 Cic.
671 2546 686 2590 3
696 2543 763 2592 Pltil.
770 2558 792 2590 c.
802 2545 841 2590 ll.
858 2539 880 2588 O
892 2540 1030 2603 preclarum
1039 2544 1160 2602 custodem
1169 2543 1255 2596 ovium,

161 2615 189 2655 ut
197 2606 373 2671 niuntlupum.
398 2609 437 2658 ld.
449 2612 462 2656 1
478 2603 546 2658 Verr.
554 2623 576 2655 c.
587 2609 626 2656 14.
642 2606 664 2655 O
674 2607 716 2654 Dii
727 2605 879 2661 immortales,
889 2607 1073 2670 preclarumque
1085 2607 1256 2657 defensionem.

159 2672 227 2783 ΙΨ
242 2673 309 2723 Verr·
320 2689 341 2721 c.
351 2677 390 2724 14.
415 2674 437 2721 0
454 2672 660 2720 commemorande
666 2671 768 2735 judicie,
780 2672 966 2735 praeclaramque
977 2672 1175 2720 existimationem
1184 2670 1256 2721 nostri

158 2751 185 2784 or
203 2752 257 2785 mre.

193 2801 225 2832 *⁸
235 2803 265 2851 P.
278 2803 308 2850 In
318 2819 344 2852 re
355 2803 448 2859 leviori,
462 2819 542 2866 neque
559 2802 593 2850 ite
613 2801 690 2863 magni
706 2801 801 2862 valerie,
817 2800 931 2848 reticetur
947 2801 999 2849 haec
1014 2800 1157 2864 interjectio.
1190 2801 1255 2850 Plio.

159 2864 176 2914 l.
188 2868 212 2915 2.
221 2883 256 2931 ep.
268 2871 308 2915 10.
325 2869 453 2916 Hominem
464 2878 487 2916 te
499 2867 630 2931 potientem
640 2867 679 2914 vel
691 2866 770 2929 potius
785 2866 869 2912 durum
881 2881 909 2913 nc
925 2880 994 2928 paene
1009 2866 1140 2921 crudelem,
1151 2862 1192 2930 qui
1208 2874 1255 2913 tem

159 2931 264 2995 insignes
275 2933 347 2982 libroe
358 2942 407 2981 tem
418 2933 459 2980 diu
468 2942 549 2981 tenens
560 2932 565 2980 l
604 2933 665 2984 Vull.
677 2932 694 2981 l.
706 2936 731 2979 2.
739 2933 799 2993 eleg.
810 2945 832 2977 c.
843 2933 883 2978 13.

590 3137 702 3187 CAPUT
724 3136 826 3185 CLXII.

534 3273 583 3331 Dc
597 3272 818 3370 l'raepositione
833 3270 893 3328 ΟΒ.

603 3404 627 3447 1.
645 3400 683 3448 Oll
693 3415 734 3462 pro
742 3404 847 3462 propter.

193 3488 232 3536 On
244 3504 307 3552 saepe
319 3495 356 3536 est
364 3493 468 3552 propter,
479 3488 597 3550 significat
606 3498 684 3537 eutem
695 3497 745 3536 tum
758 3503 854 3536 causam
864 3486 1015 3548 efficientem,
1025 3494 1075 3534 tum
1086 3485 1168 3548 finem.
1204 3488 1253 3539 Cic.

157 3568 200 3615 pro
212 3555 320 3604 Marcell.
332 3571 353 3602 c.
365 3559 389 3602 6.
415 3553 457 3601 Dii
475 3553 628 3611 immortales,
647 3555 743 3602 etiamsi
759 3569 839 3615 poenae
857 3569 871 3598 e
888 3553 976 3614 populo
993 3551 1103 3598 Romano
1115 3551 1146 3598 ob
1158 3551 1252 3615 aliquod

159 3619 272 3667 delictum
286 3619 450 3682 expetiverunt
461 3625 506 3667 cet.
540 3621 578 3668 Iu.
588 3636 630 3681 pro
641 3621 737 3669 Fontei.
749 3636 770 3667 c.
782 3623 805 3667 8.
823 3618 847 3665 Si
859 3618 900 3679 qui
915 3618 945 3664 ob
957 3616 1052 3678 aliquod
1068 3617 1252 3664 emolumentum

158 3697 228 3731 enum
244 3684 355 3748 cupidius
365 3684 453 3747 aliquid
466 3683 546 3732 dicere
556 3685 676 3732 ridentur.
710 3686 747 3733 ld.
759 3688 775 3732 4
792 3684 861 3733 Verr.
871 3699 893 3731 c.
904 3687 944 3731 32.
961 3681 1031 3736 Eum,
1043 3696 1057 3729 e
1068 3695 1116 3743 quo
1128 3683 1252 3744 pecuniam

158 3747 188 3796 ob
199 3750 369 3798 absolvendum
381 3750 510 3810 acceperis,
520 3751 683 3797 condemnere.

191 3814 308 3879 Exempla
318 3823 373 3862 sunt
382 3814 460 3863 obvie.

299 3906 314 3935 'l
326 3910 350 3954 2.
369 3904 407 3952 Ol
417 3904 467 3952 ltoec
478 3908 504 3950 et
513 3904 542 3951 ol
552 3904 595 3952 leuc
609 3919 652 3966 pro
661 3909 791 3966 propterea,
807 3916 853 3948 non
868 3906 925 3948 erint
938 3901 1035 3962 optimae
1045 3906 1116 3947 notae.

191 3984 247 4033 niv.
257 3985 274 4032 l.
285 3989 308 4033 8.
319 4003 341 4033 c.
353 3989 393 4034 32.
411 3984 451 4032 Ob
467 3986 517 4032 brec
531 4000 586 4031 cum
602 3985 694 4046 legatos
712 3983 775 4031 mitti
790 3982 930 4046 placuisset,
946 3996 1086 4044 responsum
1098 3980 1208 4030 redditur
1224 3982 1253 4029 cb

159 4048 305 4097 Samnitibus
320 4051 397 4097 ferox.
429 4051 497 4098 Idem
508 4049 524 4095 l.
536 4053 576 4098 21.
588 4063 610 4095 c.
621 4053 661 4096 50.
671 4056 696 4095 et
705 4050 722 4097 l.
733 4051 773 4097 38.
784 4064 806 4096 c.
816 4052 857 4097 34.
871 4048 932 4096 Celo.
941 4047 958 4092 l.
969 4049 992 4092 1.
1003 4061 1098 4108 prooem.
1116 4046 1149 4093 Et
1159 4047 1191 4094 ol)
1202 4047 1253 4095 lraec

104 4156 106 4160 ,
159 4113 258 4176 quidem
267 4115 292 4159 in
303 4115 403 4161 obscuro
410 4114 500 4175 poeitae
510 4128 592 4161 causes
603 4122 784 4175 persequuntur.
817 4113 855 4161 ld.
866 4112 923 4161 itio.
941 4111 981 4158 Ob
992 4112 1044 4158 hec
1060 4124 1090 4156 ne
1108 4119 1253 4160 mortuorum

158 4177 257 4242 quidem
267 4177 434 4225 lacerationem
442 4177 599 4225 necessariam
609 4191 661 4224 esee
671 4175 761 4225 dicunt.
843 4210 846 4215 -

179 4243 238 4295 Mo.
246 4243 264 4291 l.
275 4247 317 4294 25.
329 4260 351 4293 c.
362 4245 403 4294 37.
421 4241 461 4291 Ob
472 4243 519 4293 lroc
535 4259 592 4292 cum
606 4241 687 4290 omniu
696 4242 809 4306 neglecte
823 4236 891 4303 epud
906 4240 986 4287 hoster
995 4246 1087 4294 eeeont,
1103 4239 1213 4290 Marcius
1224 4240 1253 4288 ed

134 4311 267 4360 mallum
276 4308 362 4379 prime
370 4310 455 4377 specie
465 4310 622 4360 temerarium
634 4306 743 4358 animum
752 4304 853 4370 ed'qec'rt.
885 4303 1072 4352 Coloricum.
1080 4310 1141 4350 uu.
1151 4305 1257 4351 ruem
