2670 4636
109 245 265 321 rrsrurs]
455 242 511 301 DE
543 241 783 302 PARTICULIS
806 249 862 303 ete.
1151 244 1207 304 187

146 392 243 440 Terent.
256 390 416 453 11777781.
427 387 516 436 Itidem
527 388 637 437 mulieres
647 395 704 437 sunt
712 389 795 443 ferme,
805 395 833 436 ut
841 386 918 449 pueri,
926 387 976 437 levi
984 387 1111 438 sententia.
1143 387 1208 438 *lu

109 457 180 511 Eun.
192 459 215 504 l.
226 459 251 504 2.
262 461 289 501 77
305 457 330 502 2.
341 458 365 503 3.
377 453 468 503 Η7777.
479 457 505 502 4.
517 457 541 501 t.
1201 473 1204 477 ·

534 550 626 599 ’3.1·
679 578 711 586 -
771 551 789 598 i.

111 700 113 703 ,
144 633 231 682 Pluut.
243 633 318 681 Most.
335 635 358 680 1.
372 635 396 680 2.
416 630 512 679 Vetulae
532 553 795 693 itidemhdeidnt,qddisi
813 645 867 678 curn
877 644 926 681 une
935 630 1010 678 multa
1020 629 1075 693 jura
1085 627 1210 679 confundit

110 707 195 744 cocus.

558 780 583 824 4.
597 774 777 824 Non-itidem.

149 855 227 904 Varro
238 853 284 902 ts.
297 855 327 903 1..
335 856 366 903 L.
376 870 398 902 c.
410 857 450 902 38.
461 870 486 916 p.
494 857 535 904 83.
547 853 646 902 Nullius
657 860 763 901 nostrum
774 853 836 901 filius
846 861 871 901 et
880 854 930 902 filia
940 868 988 902 non
999 862 1054 916 apte
1065 852 1207 901 discernitur

108 933 171 1032 1737ὶί
173 934 209 1029 gc
220 919 325 976 foemiua,
340 926 368 967 ut
377 918 502 966 Terentius
521 925 547 966 et
561 918 687 978 Terentia3
705 925 787 966 contra
806 918 903 968 deorum
914 918 979 968 liberi
990 926 1016 967 et
1026 933 1147 967 servorum
1156 931 1207 966 non

527 1108 638 1158 CAPUT
661 1108 805 1159 CXXVIII.

471 1224 520 1282 Do
539 1222 687 1282 Aduerbio
710 1223 853 1282 irruunt.

513 1355 538 1399 1.
550 1353 641 1401 Iterum
657 1367 700 1414 pro
713 1354 820 1400 seeundo.

144 1428 259 1479 Irseuus
276 1445 320 1492 pro
342 1434 442 1480 secundo
465 1432 587 1494 eleganter
602 1432 706 1494 ponitur.
757 1433 808 1480 Cic.
828 1433 857 1479 do
875 1431 961 1480 Diuiu.
977 1447 1000 1477 c.
1017 1434 1058 1478 85.
1078 1428 1207 1476 NonneC.

110 1494 245 1542 Flaminius
256 1494 348 1542 Consul
358 1496 441 1542 iterum
451 1496 556 1558 neglexit
566 1497 632 1557 signs
651 1511 730 1542 rerum
748 1496 878 1542 futurarum
888 1510 973 1556 magna
984 1509 1039 1541 cum
1049 1493 1116 1541 clade
1126 1492 1208 1554 reipu-

111 1559 199 1606 blicae?
234 1561 273 1607 Io.
282 1574 326 1622 pro
337 1560 407 1608 Sext.
418 1575 440 1606 c.
453 1564 492 1607 16.
503 1561 532 1608 L.
544 1560 685 1607 SuturnInus
695 1560 785 1606 iterum
792 1559 918 1605 Tribunus.
945 1559 983 1606 Id.
999 1559 1073 1605 Brut.
1084 1573 1105 1608 c.
1114 1561 1154 1607 18.
1167 1556 1209 1603 Li·

111 1623 190 1671 vieuae
200 1623 288 1670 tabule
302 1624 342 1670 vir
357 1623 444 1687 dignae,
460 1639 513 1686 quae
524 1625 610 1670 iterum
622 1625 739 1685 legantur.
773 1623 788 1652 ⁴*
800 1621 864 1668 Add.
876 1624 893 1669 l.
904 1626 928 1670 2.
938 1624 968 1670 de
980 1621 1032 1686 Off.
1043 1637 1066 1670 c.
1078 1627 1102 1670 3.

544 1721 559 1750 ⁸
569 1727 594 1770 2.
613 1723 713 1784 lteram,
724 1737 784 1770 7777.

148 1801 200 1849 Cic.
208 1814 252 1863 pro
264 1801 336 1849 Dom-
347 1815 369 1848 c.
377 1805 417 1849 57.
436 1801 527 1847 Iterum
535 1816 592 1848 cum
598 1815 628 1846 ex
635 1814 689 1848 mes
700 1801 853 1848 contentione
864 1800 975 1848 interitus
982 1801 1098 1850 bonorum
1105 1802 1209 1851 omnium
1238 1854 1241 1858 ,

111 1871 269 1928 quaereretur,
280 1880 325 1912 ros
333 1880 386 1911 sum
397 1872 509 1913 testatus.
811 1873 813 1878 '

115 1964 155 2008 ³8.
167 1962 254 2016 Semel,
264 1962 358 2010 iterum.
388 1962 467 2010 Semel
477 1967 547 2024 utque
557 1951 653 2010 iterum.
673 1961 752 2010 877777
763 1966 806 2010 out
816 1962 911 2010 iterum.
927 1961 959 1989 ⁴¹*
967 1961 1046 2010 877777
1055 1963 1195 2025 iterumque.

148 2041 218 2090 Alias
238 2041 352 2089 adsciscit
372 2043 451 2091 semei·
495 2043 546 2090 Cic.
564 2045 579 2088 8
594 2042 662 2090 Verr.
680 2057 702 2088 c.
723 2045 764 2090 77.
780 2041 882 2089 Ι)77717717
902 2041 986 2103 pretiis
1007 2049 1126 2089 unumst
1145 2042 1211 2092 idern

114 2106 259 2154 frumentum
269 2105 410 2161 vendidisti,
421 2106 494 2152 semel
509 2105 651 2160 civitatibus,
670 2105 759 2153 iterum
774 2106 862 2168 populo
873 2105 993 2155 Romano.
1027 2106 1066 2153 Id.
1079 2122 1123 2168 pro
1137 2107 1209 2157 Dom.
1232 2150 1234 2154 .

113 2186 137 2218 c.
150 2174 192 2218 52.
208 2170 327 2219 Audierat
337 2185 368 2218 ex
378 2170 430 2232 illo,
449 2184 499 2216 sea
515 2185 553 2216 me
569 2170 605 2217 bis
623 2169 725 2216 salutem
743 2169 875 2232 accepisse,
892 2170 966 2218 semei
977 2169 1113 2232 seperatim,
1124 2170 1212 2219 iterum

113 2248 171 2282 curn
181 2234 307 2282 universis.
324 2239 339 2282 5
356 2235 425 2282 Verr.
438 2250 460 2281 c.
472 2237 513 2283 72.
531 2233 686 2281 Simulacrum
703 2233 741 2280 bis
752 2241 924 2290 consecratum,
941 2233 1015 2281 semel
1029 2234 1211 2296 Segestanorum

113 2297 240 2359 reiigione,
261 2299 347 2346 iterum
363 2298 393 2346 P.
412 2297 522 2345 Africani
537 2297 646 2345 victoria.
667 2299 719 2345 .!d.
733 2313 777 2360 pro
796 2299 974 2347 0777777717.
1001 2296 1039 2345 Re
1052 2301 1126 2346 semel
1139 2307 1212 2362 utque

112 2361 204 2411 iterum
216 2362 380 2426 praejudiceta,
399 2361 571 2409 condemnatus
587 2362 611 2407 iu
619 2361 737 2425 judicium
753 2363 827 2410 veuit.
838 2363 877 2412 7777
891 2377 958 2412 curuo
968 2362 1058 2424 having
1073 2363 1129 2412 57777
1147 2379 1212 2413 neore

114 2427 243 2476 7177777777
259 2427 355 2475 decided
365 2427 470 2490 already.
490 2426 518 2475 ise
533 2428 648 2489 appeared
663 2426 741 2485 before
751 2428 797 2475 7777
808 2427 913 2475 tribunal
923 2427 1037 2486 although
1047 2443 1062 2475 o
1073 2429 1213 2477 condemned

111 2505 209 2553 person.
240 2489 255 2518 ¹*
267 2493 330 2538 Caee.
342 2492 375 2539 Β.
386 2490 446 2538 (1.1.
457 2495 481 2539 1.
495 2507 516 2538 7.
528 2493 627 2549 atle.
648 2491 798 2538 0777777711.
813 2494 852 2539 12.
867 2507 890 2539 7.
901 2497 926 2539 5.
946 2491 997 2538 cto.
1011 2490 1038 2536 in
1049 2491 1124 2539 Brut.
1139 2496 1213 2540 etio.

116 2554 240 2602 Antistius
256 2561 280 2602 et
293 2555 350 2601 Piso
365 2569 429 2614 saepe
441 2553 560 2610 dicebant,
581 2555 658 2601 minus
676 2569 739 2617 saepe
754 2555 909 2615 Pompoqus,
919 2568 972 2601 raro
983 2553 1072 2617 Gerbo,
1087 2555 1158 2601 semei
1172 2563 1214 2602 aut

114 2618 359 2730 iterpmuPhilippus.
392 2617 407 2646 ⁸
416 2618 472 2668 Cio.
489 2618 505 2670 1.
523 2623 546 2666 1.
558 2621 588 2668 de
604 2618 689 2667 Dioio.
704 2634 726 2666 c.
743 2622 783 2666 25.
797 2618 926 2680 Sophocles
941 2617 967 2664 id
985 2620 1060 2667 semel
1077 2619 1211 2680 iterumque

115 2697 236 2748 negent.
666 2715 670 2718 -

529 2762 543 2791 ‘⁸’
554 2767 579 2811 4.
591 2763 670 2812 Semel
681 2764 806 2812 iterumve·

150 2844 217 2893 cru.
225 2843 243 2890 l.
252 2847 276 2891 8.
287 2859 310 2891 7.
320 2847 344 2892 2.
353 2840 434 2891 Semel
444 2843 561 2890 iterumve
573 2843 628 2889 satis
640 2850 677 2890 est
687 2843 712 2890 id
722 2843 816 2917 admoto
827 2841 969 2906 ferramento
979 2842 1085 2891 adurere.

465 2939 479 2968 '¹
491 2943 514 2985 5.
527 2938 864 2987 Semei—iterum-—tertiwu

157 3019 241 3070 Vellei.
250 3019 268 3066 1.
278 3024 302 3069 2.
310 3035 332 3066 7.
344 3022 383 3068 38.
400 3019 506 3078 Immune
520 3017 615 3066 bellicas
630 3019 733 3066 civitatis
749 3025 919 3079 argumentum,
938 3021 1002 3081 quod
1020 3019 1100 3071 semel.
1112 3020 1212 3068 subre-

116 3084 198 3148 gibus,
212 3082 296 3130 iterum
308 3084 353 3130 hoc
362 3083 392 3129 Τ.
402 3082 496 3129 Manlio
506 3083 613 3135 consule,
623 3081 716 3129 tertium
729 3081 840 3145 Augusto
851 3082 972 3146 Principe,
984 3091 1055 3140 certae
1067 3085 1133 3147 pacis
1143 3099 1211 3149 argu.

116 3156 228 3196 mentum
237 3148 253 3196 J
254 3161 313 3194 enus
324 3146 442 3194 Geminus
450 3148 544 3194 clausus
555 3146 630 3220 dedit.

142 3247 169 3292 5.
185 3241 552 3291 Ρή777777-1777777-77777777,
579 3228 829 3353 17777Ξ77ι7777777777.
863 3242 964 3305 Iterum,
981 3244 1061 3292 tertio.
1094 3245 1187 3296 17777777

608 3320 636 3354 77
658 3321 726 3354 creo.

153 3385 264 3437 Assumit
279 3385 366 3434 iterum
383 3386 422 3432 rel
442 3385 537 3434 tertium
558 3384 596 3431 rei
613 3387 693 3433 tertio.
728 3387 778 3435 Cic.
794 3387 991 3436 1177177777.
1007 3404 1029 3437 7.
1046 3392 1086 3438 89.
1104 3389 1213 3440 Primum

114 3451 218 3516 quidem
227 3450 307 3513 decipi
316 3449 492 3498 incommodum
501 3455 544 3503 est,
550 3449 636 3495 iterum
646 3451 752 3505 stultum,
763 3451 857 3498 tertium
869 3457 945 3513 turpe.
977 3452 1116 3502 171277
1128 3455 1213 3503 Diria.

116 3533 141 3566 c.
151 3518 194 3564 59.
209 3513 275 3572 Quid
286 3519 323 3561 est
332 3521 381 3561 tum
391 3515 515 3567 incertum,
533 3527 602 3573 quam
614 3511 714 3559 talorum
729 3513 823 3575 jactus?
849 3521 929 3561 tumen
941 3530 1011 3562 uerno
1022 3523 1068 3571 est,
1080 3518 1137 3580 quin
1148 3533 1212 3581 aaepe

111 3580 213 3645 jactans
221 3578 342 3626 Venerem
357 3576 484 3638 siiquando
496 3573 578 3639 jaciat,
596 3590 763 3638 nonnunquam
775 3578 847 3624 etiam
857 3578 944 3625 iterum
962 3592 990 3625 ae
1001 3579 1105 3629 tertium.
1130 3582 1185 3631 ste.
1196 3582 1214 3631 1.

117 3647 163 3692 25.
174 3658 197 3690 7.
211 3645 250 3691 16.
261 3641 329 3690 Plio.
339 3642 356 3688 1.
369 3645 409 3689 18.
417 3657 440 3688 7.
450 3643 489 3688 16.

153 3706 333 3766 Nonnunquam
344 3705 416 3752 etiam
431 3703 525 3758 1777777,
537 3704 609 3751 777717
615 3719 625 3760 ,·
641 3703 766 3752 iterumue
782 3704 862 3752 tertio.
885 3705 936 3752 Cio.
944 3719 988 3766 pro
998 3704 1080 3754 Deiot.
1091 3722 1113 3753 c.
1124 3710 1149 3753 5.
1166 3707 1213 3758 Ille

117 3772 217 3826 iterum,
236 3770 279 3817 ilie
299 3769 370 3816 tertio
385 3767 534 3815 auctionibus
551 3766 621 3814 factis
642 3766 768 3828 pecuniam
789 3766 863 3815 dedit.
888 3767 926 3816 Id.
934 3783 979 3831 pro
990 3769 1062 3816 Rosc-
1070 3769 1127 3819 Am.
1139 3787 1164 3818 7.
1172 3776 1213 3824 22.

115 3835 213 3884 Iterum
223 3849 251 3881 ac
261 3832 332 3881 tertio
341 3831 470 3881 nominari.
488 3830 556 3880 twice
565 3845 593 3878 or
602 3831 686 3879 7177177.

146 3935 173 3980 7.
184 3928 301 3979 'Iterum
310 3934 380 3993 utque
391 3929 497 3977 tertium.
520 3928 611 3976 Iterum
620 3927 769 3990 tertiumque.
804 3928 895 3976 lterum
905 3933 929 3976 77
939 3925 1044 3976 tortium.
1061 3929 1153 3981 Iterum
1163 3939 1189 3983 77

511 3995 591 4041 tertio.
607 3992 831 4055 177777777777777.

156 4072 466 4124 Lso.1.s.c.ru.1terum
484 4078 555 4133 atque
573 4071 669 4119 tertium
689 4071 779 4119 tribuni
800 4070 908 4133 pessimis
929 4071 1016 4119 artibus
1036 4074 1101 4137 regia
1118 4077 1216 4129 licentIa

115 4141 215 4188 vivrmt.
248 4137 314 4186 Piia·
326 4137 363 4185 H.
376 4137 412 4183 N.
421 4137 439 4182 1.
449 4140 488 4184 14.
497 4151 519 4183 7.
529 4140 569 4184 22.
585 4135 674 4182 Anheli
688 4135 795 4198 ingentia
810 4149 867 4182 vasa
887 4134 1025 4198 corripiunt,
1043 4153 1070 4185 ac
1091 4140 1162 4202 piene
1176 4144 1214 4189 irr-

116 4203 238 4258 fundunt,
256 4208 283 4248 ut
297 4201 377 4248 stetim
393 4207 511 4255 evomant,
530 4214 657 4262 rursusque
675 4199 793 4256 hauriunt,
810 4199 883 4264 idque
896 4199 986 4249 'iterun
1001 4202 1164 4266 terimurque.
1180 4207 1232 4252 und

116 4269 174 4319 77717
186 4267 241 4328 they
255 4268 286 4315 do
297 4266 371 4321 tzoe'ce,
385 4279 476 4315 oreuen
488 4265 572 4316 777777.
588 4264 694 4322 Quintil.
706 4267 722 4316 1.
735 4271 760 4318 7.
771 4284 794 4316 7.
805 4266 1248 4334 11777177781777177771771777777777
