2670 4636
132 301 199 360 ‘362
464 294 635 359 HORATH
665 295 909 361 TURSELLINI
961 303 1242 380 [ouoouoraasur

405 445 418 508 t
431 443 461 492 V.
479 443 694 502 Quoouovaasus
704 450 730 492 ot
740 445 976 502 Quoouoraasurr.

134 552 136 557 ·
169 527 357 603 'Qusqmsersus
372 530 410 571 θεῖ
427 538 509 574 ww
523 525 781 634 emigramus·
822 526 884 602 ces.
895 527 912 576 1.
925 530 987 579 ade
997 530 1033 580 Β.
1047 532 1113 580 as.
1124 534 1168 608 aa.
1192 528 1240 576 De·

143 589 953 718 attttffltfttttttttrttstttt‘tzitta·
966 609 1049 722 ρῗῖἱξ
1060 609 1241 723 {iffi

143 735 328 785 eroposeoery
339 719 399 768 side.
433 718 711 767 lt.1.r.c.ue.1tsres
734 719 844 783 duplices
860 736 1037 785 quoquoversus
1054 726 1147 788 pedum
1173 723 1241 772 XXX

142 787 272 848 eregione
290 785 360 833 molis
377 783 517 833 collocabat.
552 784 778 833 cespitem.
802 786 901 833 Senatui
921 788 1001 849 placet
1016 789 1121 852 Sulpitio
1141 795 1240 837 statuum

143 866 233 900 musam
255 849 337 907 statui,
359 851 495 912 circumque
516 863 567 896 euru
589 855 691 896 statuam
712 850 792 897 locum
812 851 982 912 gladiatoribus
1002 855 1133 917 ludisquo;
1160 854 1241 926 liberos

142 925 296 980 posterosque
312 914 366 978 ejus
382 928 560 978 quoquoversus
576 913 653 975 pedes
672 914 778 976 quinque
799 915 893 965 habere.
936 917 1005 976 Sunt,
1022 920 1066 982 qui
1081 920 1169 982 legant
1187 935 1240 983 qm.

143 996 280 1044 φωνῆεν,
292 995 363 1044 quam
372 986 448 1036 recte,
459 977 499 1026 alii
510 977 621 1026 viderint.

379 1112 391 1174 t
404 1108 451 1156 vt.
472 1112 495 1156 l.
513 1108 647 1164 Quorsum
660 1115 686 1154 et
697 1106 823 1163 Quorsus
835 1126 877 1173 pro
888 1126 1026 1175 quoversua.

176 1194 200 1239 1.
215 1190 333 1246 Quorsum
347 1197 374 1236 et
389 1202 488 1252 quorsus
504 1187 569 1235 sacta
586 1194 642 1234 sunt
658 1202 690 1234 ex
706 1204 750 1251 quo
766 1198 791 1236 et
806 1205 895 1240 orrrus.
931 1193 982 1241 Cir.
999 1193 1017 1241 1.
1033 1197 1058 1242 8.
1075 1194 1133 1244 Ate.
1151 1210 1187 1260 ep.
1201 1198 1237 1245 24.

143 1255 263 1312 Quorsum
273 1255 299 1302 id
309 1269 418 1302 casurum
436 1260 508 1309 esset,
519 1252 624 1299 verebar.
643 1253 660 1300 Ι
673 1268 723 1302 was
736 1255 838 1304 umorue
852 1261 879 1305 to,
893 1257 963 1305 know
978 1259 1031 1308 doro
1045 1265 1150 1309 mettere
1167 1261 1238 1309 essu

142 1323 206 1377 euris
223 1319 388 1380 lwosusror'rt
404 1320 434 1378 os
447 1319 492 1366 bod
517 1332 692 1380 consequentes.
725 1319 764 1367 ld.
778 1335 822 1383 pro
841 1321 915 1369 Rose.
933 1324 999 1371 Cora.
1016 1339 1038 1371 c.
1058 1330 1098 1373 15.
1122 1325 1237 1382 Quorsum

140 1385 382 1447 recidatresponsum
390 1392 467 1439 tuum,
477 1397 526 1429 nou
534 1396 679 1445 magnopere
688 1382 778 1432 laboro.
796 1385 835 1434 Id.
845 1386 862 1433 1.
874 1388 898 1434 3.
909 1388 938 1436 de
950 1389 1012 1437 Not.
1024 1390 1059 1437 D.
1071 1405 1093 1438 c.
1103 1393 1147 1439 2³.
1166 1389 1237 1440 Vestri

142 1451 196 1500 trec
203 1450 345 1501 oonfirmsat
354 1447 543 1512 interpretando,
554 1462 668 1511 quorsum
677 1448 783 1512 quidque
795 1451 926 1513 pertineat.

395 1563 420 1610 2.
439 1561 557 1617 Quorsum
568 1569 594 1608 et
604 1575 712 1623 priorsus,
730 1576 772 1625 pro
783 1564 814 1612 od
825 1563 984 1629 qurmfirrem.

173 1645 243 1706 Seps
254 1659 365 1708 quorsum
375 1649 400 1690 et
409 1657 507 1705 quorsus
516 1642 652 1704 significant
659 1645 691 1691 ud
700 1643 857 1756 queffnem.
876 1646 928 1694 Cic.
939 1648 968 1696 de
980 1647 1061 1698 Arrio.
1072 1666 1096 1698 c.
1106 1652 1148 1701 12.
1164 1650 1237 1708 Quor.

140 1724 194 1758 uum
204 1710 272 1758 hee?
291 1709 355 1766 Quia
366 1708 418 1755 sine
435 1708 505 1756 sociis
523 1722 595 1755 nemo
606 1706 732 1770 quicquam
784 1725 798 1757 e
814 1719 921 1759 conatur.
955 1713 995 1760 Id.
1004 1715 1035 1762 de
1044 1715 1109 1777 Leg.
1120 1715 1138 1763 1.
1149 1723 1176 1763 et
1186 1732 1207 1764 c.
1217 1722 1237 1766 1.

141 1775 262 1832 Quorsum
275 1773 374 1822 tandem
384 1780 426 1820 sut
436 1788 477 1821 cur
487 1772 534 1820 istu
546 1773 650 1834 queris?
666 1779 689 1820 to
700 1775 764 1822 wirot
772 1789 871 1838 purpose
878 1792 887 1833 ‚·
904 1780 929 1823 to
939 1777 1005 1827 wirot
1014 1781 1077 1837 erud‚·
1101 1780 1164 1830 etet
1177 1781 1239 1830 estut

139 1839 199 1888 view
210 1855 220 1895 ,·
235 1839 306 1901 uoiry3
326 1838 473 1896 miseretur:
487 1837 533 1896 sor
543 1837 606 1885 wirot
616 1851 708 1886 reason.
740 1838 781 1886 Id.
790 1840 822 1888 ud
834 1840 883 1896 Qu·
894 1841 938 1889 Fr·
947 1857 985 1904 ep.
995 1847 1020 1892 2.
1035 1842 1160 1899 Quorsum
1170 1845 1238 1908 igitur

139 1905 191 1952 hac
211 1902 326 1966 disputo?
343 1902 472 1966 quorsum?
495 1909 521 1949 ut
539 1900 671 1964 intelligere
689 1902 795 1964 possitis,
814 1910 860 1954 cet.
893 1905 958 1954 lul.
970 1911 994 1956 1.
1013 1908 1086 1958 Ture.
1102 1911 1151 1966 Qu.
1161 1927 1185 1958 e.
1200 1916 1237 1960 25.

138 1968 257 2026 Quorsum
268 1967 338 2031 igitur
349 1972 398 2017 tuac
414 1973 508 2030 spectet
522 1967 617 2014 oratio?
635 1968 698 2016 utut
714 1967 770 2017 tter
780 1970 834 2017 does
848 1969 898 2018 tisis
907 1970 1027 2022 discourse
1036 1975 1091 2023 tend
1106 1973 1153 2025 to?
1188 1977 1238 2027 cte.

139 2034 216 2087 Brut.
227 2049 249 2082 c.
259 2036 301 2082 8⁵.
318 2033 426 2089 Quorsus
441 2031 540 2094 inquam
557 2031 640 2079 istud?
656 2046 705 2078 non
720 2033 785 2080 enim
802 2033 1000 2099 intelligeretur
1018 2040 1050 2088 do
1061 2053 1109 2103 you
1122 2053 1191 2091 meurs
1206 2041 1236 2104 by

139 2097 208 2150 tiis?
224 2103 249 2147 to
256 2098 321 2146 redut
329 2112 429 2160 purpose
440 2099 470 2146 do
480 2112 527 2160 you
536 2098 605 2146 moire
616 2094 788 2147 sturemare?

611 2211 760 2260 Admonitio.

172 2294 279 2349 Quorsus
289 2299 399 2341 utrarum
410 2298 457 2350 est,
467 2299 493 2340 et
502 2292 596 2340 redolet
605 2293 773 2355 antiquitatem
783 2310 789 2340 ε
808 2309 917 2357 quorsum
928 2297 999 2362 longe
1009 2297 1132 2353 usitatius.

539 2469 654 2519 CAPUT
682 2469 835 2521 ccxxvn.

468 2605 517 2663 De
533 2603 747 2683 ConJ'urrctiorre
763 2603 914 2672 Qoooun.

555 2738 577 2781 1.
596 2734 820 2799 Quoque—nedum.

169 2815 298 2928 δειξαὲρ.
308 2818 349 2864 51.
366 2811 491 2862 Desidiam
508 2813 594 2863 victori
610 2828 714 2878 quoque,
733 2815 821 2863 nedum
837 2814 953 2874 macenti,
972 2819 1137 2882 periculosam
1154 2822 1233 2871 merito

135 2897 205 2946 repre
225 2896 255 2927 en
273 2887 331 2927 eret.

286 2981 311 3026 2.
330 2977 428 3039 Quoque
439 2976 461 3023 ei
472 2975 586 3024 vocabulo
597 2976 707 3038 postponi
718 2975 800 3032 debet,
815 2977 854 3025 cni
866 2978 902 3026 vis
911 2979 1025 3030 addenda
1035 2991 1083 3032 est.

170 3061 234 3108 Cels.
244 3059 261 3107 l.
270 3063 294 3106 6.
301 3073 323 3106 c.
331 3061 371 3106 18.
383 3060 396 3120 t
406 3061 445 3106 10.
467 3055 531 3105 Nem
539 3057 566 3104 id
574 3072 669 3120 quoque
679 3055 800 3107 interdum
811 3059 847 3107 fit.
863 3060 903 3109 Id.
915 3062 932 3109 l.
944 3065 968 3110 2.
977 3078 1000 3111 c.
1008 3067 1031 3112 1.
1048 3065 1117 3114 Sicut
1127 3066 1154 3115 in
1165 3066 1232 3117 oculis

135 3139 231 3190 quoque
242 3123 389 3188 deprehendi
400 3130 488 3187 potest.
506 3121 554 3170 Hic
565 3122 644 3170 dicere
654 3136 703 3169 non
714 3122 788 3172 licet:
806 3124 876 3174 Siout
887 3141 975 3192 quoque
982 3129 1011 3178 tn
1020 3137 1071 3203 cet.

439 3239 463 3283 a.
479 3235 595 3284 Periodos
605 3236 664 3283 item
676 3237 800 3285 conuertit
810 3253 907 3307 quoque.

168 3318 253 3366 crtum
262 3317 281 3367 1.
293 3320 317 3365 6.
329 3331 351 3364 c.
361 3318 401 3365 18.
412 3317 425 3380 ᾖ
437 3319 477 3366 11.
493 3316 512 3364 F
515 3333 579 3380 ungo
590 3333 685 3382 quoque
696 3317 773 3365 simile
788 3319 857 3367 ulcus
872 3320 896 3366 in
906 3320 992 3369 eadem
1008 3321 1069 3374 aede
1087 3328 1158 3378 nasci
1169 3328 1230 3377 solet.

135 3381 174 3431 Id.
184 3382 202 3429 i.
213 3387 237 3431 7.
245 3380 315 3447 proes.
340 3380 444 3445 Gorgias
455 3396 551 3445 quoque
563 3391 589 3431 et
599 3383 718 3431 Sostratus
727 3382 834 3446 quaedam
844 3395 994 3449 repererunt.

516 3559 637 3610 -CAPUT
664 3560 833 3611 CCXXVIII.
879 3629 881 3633 Ι

403 3693 452 3753 De
467 3692 649 3752 Prouomr'rre
664 3694 757 3762 Quor
771 3702 800 3754 et
820 3693 965 3762 Quorus.

167 3824 180 3886 ς
191 3821 213 3870 Ι.
231 3827 254 3873 l.
265 3823 340 3881 Quor
351 3821 453 3870 refertur
463 3821 637 3880 adnumerum,
658 3825 697 3873 cui
713 3824 843 3889 respondet
859 3830 903 3882 tot,
915 3825 955 3872 vel
971 3825 1081 3878 totidem.
1117 3829 1171 3879 Cic.
1180 3830 1197 3879 1.
1207 3832 1228 3880 2.

132 3888 161 3936 de
176 3889 246 3936 Orat.
257 3904 280 3936 c.
288 3893 313 3937 9.
333 3887 368 3937 Ut
378 3896 436 3951 quot
447 3894 563 3946 oratores,
573 3889 675 3937 totidem
684 3891 837 3955 reperiantur
847 3904 936 3954 genera
945 3889 1052 3943 dicendi.

579 3998 594 4029 ⁶
604 4005 629 4049 2.
688 4006 790 4051 ot-tot.

166 4081 218 4129 cie.
233 4081 304 4128 Orat.
315 4095 338 4130 c.
349 4084 391 4129 21.
402 4080 467 4138 Quot
477 4080 555 4130 officia
564 4001 721 4140 oratorisque
730 4090 787 4131 sunt
797 4097 886 4146 genera
896 4081 1003 4134 dicendi.

527 4196 543 4226 *
553 4200 578 4246 8.
595 4197 828 4263 Quotcunque-tot.

110 4258 112 4263 ,
155 4282 209 4334 ce.
220 4279 240 4333 1.
252 4285 276 4334 3.
287 4282 320 4333 de
333 4280 395 4345 [κε.
405 4295 428 4331 c.
438 4282 465 4330 t.
483 4279 652 4347 Quoteuuque
666 4279 773 4330 Senatus
788 4278 915 4334 mearent,
925 4279 1061 4342 pepusam
1071 4283 1181 4349 pumat,
1195 4290 1227 4333 ut

105 4358 193 4401 sunto.
