2670 4636
103 292 186 368 vsx]
463 290 519 355 DE
551 288 793 355 Pitumnus
814 300 872 355 etc.

521 623 634 676 CAPUT
662 624 806 678 CCLXXX.

466 758 516 819 De
529 756 680 818 Aduerbio
697 756 859 820 Vsnsurn.

380 937 385 947 .
435 907 458 953 1.
478 903 579 955 Viritirn
590 904 740 967 astringatis
750 905 902 957 temnitur.

279 1004 312 1049 ’2.
329 998 428 1051 Viritim
438 1015 480 1065 pro
495 1003 663 1064 singulariter.
680 1000 766 1068 (immo
782 1005 887 1068 proprie,
897 1002 1035 1071 privatim.)

144 1079 228 1130 Senec-
239 1081 269 1130 de
277 1080 363 1140 Renes.
373 1081 391 1130 l.
401 1085 425 1130 7.
436 1098 458 1131 c.
469 1085 493 1132 6.
510 1081 612 1133 Possum
622 1082 709 1133 donare
720 1082 823 1148 sapienti
832 1084 896 1150 quud
907 1085 992 1136 viritim
999 1103 1080 1138 meum
1090 1095 1134 1138 eet.
1151 1089 1217 1141 llil.

110 1160 132 1192 c.
143 1148 169 1193 7.
185 1146 246 1203 Quos
256 1145 344 1194 viritim
352 1145 376 1194 ei
386 1147 501 1196 serviunt.

514 1307 628 1360 cneus
653 1278 816 1362 ccurn'uu⁸

515 1443 565 1504 De
577 1443 727 1505 Adsertto
742 1444 824 1506 Vix.

143 1577 167 1620 1.
183 1571 239 1621 V1x
249 1569 408 1619 imminuendi
418 1571 514 1619 scbene
525 1568 630 1635 negandi
637 1571 686 1620 rim
696 1573 791 1622 habet-⁴
804 1574 856 1623 Cic.
867 1569 920 1623 l.⁴l.
931 1576 961 1624 de
975 1575 1046 1624 Oroi.
1066 1589 1089 1626 c.
1103 1579 1129 1625 2.
1146 1577 1217 1626 Viros

108 1639 135 1686 in
144 1636 249 1685 dicendo
260 1638 407 1685 excellentes
417 1637 460 1684 vix
470 1651 562 1699 paucus
573 1637 674 1700 prolerre
684 1653 820 1704 possumus.
854 1641 894 1688 Ill.
912 1639 930 1688 1.
941 1645 965 1689 2.
981 1639 1059 1690 Acci.
1094 1640 1146 1690 Nos
1163 1658 1219 1706 pro·

109 1701 200 1751 babilla
216 1703 435 1766 muniebamus,
452 1703 589 1766 quaeseq'ui
605 1703 686 1771 facile,
704 1704 821 1752 affirmare
841 1705 881 1752 vix
898 1719 1034 1768 possumus.
1066 1705 1158 1755 *And
1177 1709 1217 1757 Ill.

112 1772 127 1817 2
141 1767 216 1817 Catil.
227 1783 249 1815 c.
257 1773 281 1818 4.
294 1767 344 1815 etl.
355 1771 379 1816 7.
390 1767 460 1816 Forn.
472 1782 509 1830 ep.
519 1772 545 1816 d.

339 1879 352 1905 ⁴
361 1885 387 1930 2.
408 1880 458 1931 Vix
468 1895 524 1929 cum
534 1880 613 1930 verbis
624 1881 776 1947 quibusdam,
792 1888 906 1945 sequente
917 1883 983 1946 qrrin.

149 1963 201 2012 Cic.
211 1963 229 2010 l.
241 1945 280 2011 ri.
294 1962 361 2012 Foris.
371 1977 406 2024 ep.
419 1964 459 2010 24.
471 1960 524 2024 E'go
538 1956 581 2008 vix'
590 1969 682 2020 teneor,
699 1963 757 2026 quin
769 1977 898 2011 accurram.
912 1963 1008 2013 Terent.
1027 1964 1135 2014 Eunoch-
1151 1972 1175 2015 ὅ.
1195 1971 1220 2016 2.

112 2028 211 2077 Vixnre
227 2029 348 2082 contineo,
366 2027 424 2088 quin
440 2026 542 2075 involem
559 2026 586 2074 iu
604 2027 725 2090 capillum.
749 2028 954 2079 Liuianus.
979 2027 1027 2075 Vix
1042 2030 1150 2078 Deorum
1165 2032 1220 2093 opi-

109 2095 167 2206 ἷιιιΞ,
175 2092 356 2207 ἓιᾷιιῧιδιιιιιιιι
370 2092 480 2140 Romana
495 2105 543 2156 ree,
554 2091 635 2141 resisti
647 2098 737 2156 potest.
768 2090 1047 2143 Add.Pnur.Moue1t
1059 2099 1082 2144 l.
1093 2099 1117 2144 2.
1129 2102 1154 2142 ct
1164 2095 1222 2145 Lis.

524 2251 540 2282 ⁴*
551 2257 576 2303 a.
598 2253 730 2304 Vin—cisi
740 2255 810 2318 qaod.

145 2335 201 2384 Lis.
212 2334 230 2383 l.
242 2339 282 2385 at.
293 2349 316 2383 c·
325 2337 368 2384 41.
392 2331 479 2390 AEtoli,
492 2322 540 2383 nisi
551 2333 615 2399 quod
630 2335 814 2398 populabantur,
832 2333 874 2399 rin
889 2334 1027 2386 meminisse
1042 2334 1183 2386 videbantur
1192 2350 1220 2386 se

112 2402 139 2451 iu
150 2400 257 2450 hostium
269 2414 324 2462 agro
335 2413 398 2447 esse.

585 2499 611 2544 4.
631 2496 680 2546 Vix
690 2498 754 2546 dum.

144 2575 270 2627 Interdum
279 2575 378 2626 assumit
392 2579 456 2626 dum.
474 2577 552 2626 Ciol
567 2576 642 2625 Cotll.
653 2593 675 2625 c.
687 2581 710 2626 4.
727 2576 786 2626 Haec
797 2590 842 2641 ego
852 2578 940 2638 omnia,
952 2576 1049 2628 vixdum
1067 2586 1130 2628 coetu
1138 2587 1219 2630 nostro

112 2644 223 2707 dimisso,
233 2644 348 2708 comperi.
364 2644 432 2691 when
443 2657 486 2690 our
495 2642 612 2705 ossembly
620 2657 670 2691 roos
680 2644 784 2706 scarcely
795 2645 920 2692 dissoloed.
938 2645 977 2694 Id.
989 2645 1005 2692 l.
1016 2646 1054 2693 12.
1066 2646 1136 2694 Fam.
1145 2661 1182 2707 ep.
1192 2650 1218 2697 4.
1272 2651 1273 2654 ’

113 2712 177 2760 Cum
188 2717 214 2756 tu
225 2710 264 2755 vix
282 2712 340 2756 dum
350 2709 447 2770 triginta
462 2706 513 2753 dies
530 2706 556 2752 in
567 2705 635 2770 sna
647 2706 744 2757 fuisses.
760 2708 828 2757 wien
837 2723 884 2772 you
895 2709 942 2757 leod
956 2712 1060 2772 scarcely
1075 2710 1131 2759 been
1142 2711 1220 2775 thirty

113 2778 175 2840 elops
185 2775 210 2824 in
222 2773 305 2838 cyrio.
339 2775 353 2804 'l
366 2771 497 2821 Adu.1.to.
509 2771 527 2818 l.
539 2776 562 2818 5.
573 2787 596 2819 c.
606 2775 647 2820 5³.
666 2773 761 2823 Terent.
772 2773 872 2823 Plrorm.
881 2778 907 2823 4.
917 2777 941 2822 2.

149 2970 201 3019 Gic.
210 2969 229 3017 1.
239 2973 266 3020 4.
274 2969 378 3030 Attrep.
384 2971 413 3019 ,2.
430 2884 769 3032 ClofflmLaessrgswtiss'
784 2967 826 3018 rix
833 2967 882 3034 jars
899 2965 1018 3016 decimum
1033 2964 1219 3032 designatorem,

111 3036 155 3084 vix
165 3033 272 3085 Gellium
284 3033 378 3081 retinet.

453 3134 477 3178 6.
498 3129 640 3180 Vin-eum.
661 3128 872 3179 Vindicta-cum.⁵

151 3213 352 3264 Vicetoixdum
367 3218 567 3274 eaepeassumnnt
583 3227 644 3260 curn.
678 3210 732 3260 Cic.
750 3210 767 3261 l.
777 3212 840 3260 Me
853 3211 924 3261 Oroi.
936 3226 958 3259 c.
970 3214 1011 3260 21.
1036 3209 1219 3261 Vixannusin·

112 3286 253 3328 tercesserat
270 3277 300 3326 ab
318 3278 363 3325 hoc
382 3292 490 3324 sermone
510 3273 679 3337 cohortationis
696 3290 767 3339 msa,
785 3291 842 3324 cum
860 3276 906 3324 iste
928 3276 1050 3324 accusavit
1067 3275 1218 3326 Norbanum.

113 3342 207 3391 *Add
219 3344 274 3393 Lio.
285 3343 303 3390 l.
313 3345 338 3390 2.
350 3358 371 3390 c.
382 3346 424 3391 st.
433 3348 459 3388 et
469 3342 486 3389 l.
496 3346 538 3392 22.
547 3357 573 3393 c.
585 3339 907 3392 2-etCic·'lVerr.c.40.

149 3410 201 3458 Cic·
212 3408 231 3469 1.,
239 3411 264 3459 9.
274 3407 375 3469 Atheon
385 3410 410 3456 2.
439 3406 545 3456 Vixdum
559 3407 685 3469 epistolam
700 3413 766 3454 tuam
782 3405 897 3468 legeram,
909 3422 962 3469 ium
975 3407 1006 3454 ad
1020 3421 1059 3454 me
1077 3405 1217 3457 Postumius

115 3472 212 3524 Curtius
218 3473 295 3522 venit.
322 3469 343 3502 '⁸
354 3470 421 3520 Add.
430 3471 487 3521 nte.
499 3468 514 3519 l.
524 3475 567 3522 22.
584 3487 606 3520 c.
617 3475 657 3521 19.
667 3471 717 3519 etl.
728 3475 769 3523 27.
780 3486 803 3518 c.
814 3474 854 3522 28.

398 3591 423 3637 r.
443 3586 493 3637 ree
507 3601 563 3636 cm
572 3554 673 3644 nrm
688 3586 876 3650 ιωιιμ-ιιωι
885 3542 941 3636 nri.

145 3671 216 3721 Alias
221 3670 318 3719 additur
326 3670 420 3720 nedum.
437 3666 499 3716 Nam
509 3666 554 3717 oio
563 3666 671 3716 continet
677 3667 839 3730 negationem,
847 3680 900 3729 qun
907 3665 1043 3728 precedere
1053 3666 1115 3715 solet
1122 3667 1218 3726 setim
1308 3680 1310 3683 ’

115 3738 170 3788 Cic.
187 3727 208 3785 1.'
220 3739 261 3785 16.
272 3736 343 3786 Fum-
352 3750 389 3800 ep.
400 3739 425 3784 8.
453 3733 503 3784 Vix
512 3732 537 3781 in
545 3732 605 3796 ipsis
614 3733 686 3785 tectis
696 3738 722 3780 et
734 3730 831 3796 oppidis
840 3731 916 3794 frigus
926 3729 1020 3780 infirm
1028 3732 1168 3780 valetudine
1178 3733 1217 3783 vi·

112 3799 289 3859 intumentium
305 3801 330 3848 in
346 3798 407 3848 mari
420 3804 445 3846 et
455 3798 480 3847 in
491 3797 531 3849 ria
543 3799 576 3847 sit
587 3796 660 3846 incils
676 3797 759 3856 abesoe
775 3795 805 3844 ab
824 3794 909 3859 injuris
925 3797 1048 3860 temporis.
1081 3796 1216 3851 loiretlli.

113 3883 136 3917 c.
147 3871 189 3917 21.
204 3866 253 3916 Vin
262 3868 388 3915 clamorem
398 3874 488 3920 eorum,
499 3862 590 3912 nedum
599 3862 723 3928 impetum,
737 3861 875 3912 Suessetani
884 3859 969 3912 tulere.
992 3861 1007 3893 7
1018 3860 1085 3910 Add.
1096 3863 1138 3912 lc.
1148 3863 1165 3914 l.
1174 3868 1216 3915 4ο.

113 3938 189 3984 c.15.
204 3933 284 3982 Vellei.
293 3933 311 3982 l.
323 3935 346 3981 2.
355 3946 377 3979 c.
389 3933 446 3980 102.
457 3928 535 3978 i'ucii.
543 3929 561 3980 l.
573 3930 614 3977 14.
624 3943 646 3976 c.
657 3933 698 3979 15.
852 3936 856 3943 ·
1274 3936 1276 3940 ’

123 4257 130 4269 .
146 4192 156 4222 ⁴
172 4189 329 4256 Apparetvis
344 4188 448 4254 negandi
463 4187 535 4237 etiam
549 4201 582 4235 ex
592 4182 702 4251 proxime
711 4185 823 4236 inferiore
840 4182 1013 4261 observatione,
1027 4191 1053 4232 et
1067 4185 1215 4253 subsequen·

111 4258 266 4449 „Vsqbzmin
276 4304 417 4384 inissmodi
433 4317 557 4388 exemplis
565 4335 618 4383 nen
627 4320 725 4390 pendet
738 4318 819 4381 acis,
828 4313 1038 4384 sedapnateine
1044 4320 1206 4431 mmi'u
1235 4297 1243 4312 ⁸

203 4414 236 4448 re.
