2670 4636
90 235 153 312 44]
450 236 505 295 na
538 235 782 297 promenus
803 247 861 298 ete.
1111 312 1118 319 ,
1158 242 1197 299 cr

88 396 175 446 Hodr.
187 405 214 446 et
226 398 313 447 114414.
325 399 350 446 14
367 401 446 450 04144.
456 401 534 451 Borb.
551 402 603 450 044.
616 401 633 449 1.
641 405 666 452 4.
678 401 756 452 Aaou.
767 418 790 450 c.
801 405 844 452 44.
856 399 897 449 44
905 401 1157 454 verbumedisceudur
1167 402 1198 455 li·

88 461 181 510 bellus.
220 463 235 492 ⁸
246 464 298 513 044.
308 466 337 513 de
341 465 390 530 Jin.
408 466 426 513 1.
437 469 461 515 1.
472 482 495 514 c.
507 470 532 515 2.
555 467 688 517 44444444
698 468 790 517 Cesar.
801 483 824 515 c.
834 469 866 516 ³0
879 475 905 515 et
913 472 954 517 55.

85 524 191 655 ligii}
201 527 385 580 4441441444.
397 532 467 581 Orac.
478 532 496 578 1.
506 536 531 579 o.
540 547 563 580 e.
573 536 596 580 1.
606 532 837 581 monasticorum
846 532 947 598 subject.
957 530 1071 597 (444444
1081 533 1199 585 verbus·

140 693 181 739 18.
189 691 231 740 44
241 704 285 754 pro
292 706 353 755 praa.
363 690 455 756 (Angl.
469 692 538 742 44444
549 698 587 743 aet
595 694 702 756 4441444,
711 695 736 744 in
747 695 893 759 comparisoa
901 693 935 755 of,
945 697 1069 760 compared
1078 695 1147 754 444144,
1187 682 1191 693 ’

495 763 520 807 14
531 774 639 823 campore
647 759 716 816 witlt,
727 759 794 825 to.)²

123 835 255 900 Eleganter
271 837 346 885 etiam
355 840 386 887 44
396 853 441 902 pro
449 854 502 903 pro
516 838 542 888 in
556 839 734 904 comparatione
744 848 880 903 usurpatur.
913 840 954 903 (ut
969 839 1048 889 Graeci
1064 839 1093 891 rb
1104 840 1199 906 spes·

87 901 180 964 quibua
190 902 229 950 hic
242 902 327 951 modus
339 902 453 968 sumtus.)
467 905 520 952 044.
537 905 554 952 Ι.
565 908 590 953 2.
601 907 630 955 de
645 908 716 955 0444.
731 921 754 953 4.
765 911 790 955 4.
807 904 938 954 Decimum
951 907 1018 963 volo,
1026 922 1098 971 quem
1108 921 1199 973 eogno-

88 967 166 1015 vimus
177 964 257 1015 virum
266 968 356 1015 bouum
368 977 392 1016 et
402 984 452 1016 non
461 968 613 1026 illiteratum,
622 970 664 1017 sed
673 970 734 1018 nihil
744 971 775 1018 ad
788 969 905 1018 Persium.
927 971 968 1019 14.
977 971 994 1018 l.
1008 975 1032 1019 1.
1043 974 1071 1022 de
1082 973 1129 1034 leg.
1139 989 1162 1021 c.
1172 977 1198 1023 2.

86 1031 230 1081 Successore
240 1032 296 1083 huic
304 1032 368 1081 bello
379 1032 489 1090 Clodius,
496 1034 577 1085 Asilo:
588 1034 649 1083 nihil
656 1035 804 1091 odCoelium,
814 1035 979 1100 sedpotiusad
986 1036 1137 1099 antiquorum
1146 1038 1197 1085 lun·

87 1110 191 1159 guorem
201 1105 274 1161 atque
294 1098 455 1149 inscientiam.
474 1100 570 1151 Terent.
580 1100 689 1151 Euoacb.
708 1104 733 1149 2.
744 1105 769 1150 3.
780 1101 864 1158 114444.
880 1107 910 1148 ut
924 1100 1008 1158 fertur,
1023 1101 1112 1149 forma?
1129 1117 1198 1153 saue.

89 1160 128 1209 At
136 1160 352 1211 nihiladnoatram
362 1165 432 1212 hano.
453 1162 523 1214 ‘cta
534 1165 551 1215 l.
561 1170 584 1215 1.
599 1167 668 1216 dioc.
681 1167 775 1223 Quart.
785 1181 808 1214 o·
819 1168 860 1216 17.
870 1165 928 1216 nto.
938 1166 956 1214 l.
967 1173 993 1214 et
1002 1181 1024 1213 c.
1035 1169 1076 1217 22.

452 1281 494 1328 19.
503 1276 529 1304 “
536 1277 578 1328 44
593 1279 636 1328 444
652 1295 695 1343 pro
713 1285 840 1344 44414444.

123 1355 200 1413 nteit.
212 1357 334 1416 Sallustii,
346 1359 425 1409 Taciti
434 1365 480 1407 est.
499 1359 567 1408 Gocl.
580 1376 604 1423 p.
614 1363 655 1410 81.
673 1361 770 1410 044444.
789 1361 859 1411 Vallo
869 1358 887 1410 l·
898 1363 923 1409 2.
939 1361 1011 1422 11444.
1020 1376 1042 1410 o.
1050 1365 1075 1410 5.
1092 1358 1199 1426 144444

89 1422 226 1537 ἉΙΑἮ.
235 1422 464 1552 fugnana&
479 1423 530 1474 boec
540 1438 583 1488 pro
594 1430 712 1489 pretereo
725 1425 795 1490 ponit
808 1425 864 1475 144.
882 1423 901 1474 1.
911 1427 936 1474 2.
952 1441 975 1474 4.
987 1430 1028 1477 45.
1050 1426 1069 1473 1.
1080 1428 1122 1476 te.
1139 1441 1163 1476 4.
1173 1430 1199 1477 o.

501 1583 518 1614 ⁴
526 1587 567 1634 20.
576 1584 619 1635 44
633 1600 677 1650 pro
690 1591 788 1650 proter.

122 1663 165 1713 44
172 1678 237 1728 saepe
247 1663 410 1714 mcessionem
417 1665 518 1713 aliorum
526 1680 608 1713 renum
617 1665 639 1713 si
673 1665 737 1713 ificat
747 1666 779 1713 ad
789 1667 856 1714 41144.
880 1667 932 1716 Cic.
945 1667 973 1717 ia
988 1665 1070 1717 Vatia.
1084 1681 1106 1715 c.
1116 1670 1140 1716 8.
1157 1664 1200 1715 44

89 1733 179 1776 cetera
193 1729 302 1786 vulnera,
325 1730 412 1794 quibus
431 1729 521 1795 putasti
538 1745 615 1794 remp.
656 1730 724 1785 eieci,
743 1731 918 1795 huncquoque
940 1729 1087 1781 mortiferam
1102 1731 1200 1807 plagam

88 1792 217 1843 inflixisses
228 1802 358 1858 auguratus
368 1795 419 1844 tui?
437 1796 477 1845 Id.
485 1810 528 1858 pro
539 1795 654 1844 Planco.
667 1799 690 1845 1.
707 1795 828 1858 Equidem
846 1796 877 1843 44
892 1795 998 1860 reliquos
1014 1797 1109 1846 labores
1126 1807 1200 1847 suem

88 1859 153 1908 hanc
162 1859 298 1911 molestiam
306 1875 408 1917 444444,
418 1861 483 1926 quod
492 1859 553 1908 mihi
563 1859 637 1908 etiam
647 1873 692 1924 pro
703 1876 742 1908 me
754 1860 807 1924 ipso
818 1859 947 1910 dicendum
957 1867 1003 1909 est.

251 1971 316 2022 *Ao
326 1972 354 2022 44
363 1975 425 2038 qood
436 1989 527 2038 quoquc
537 1989 582 2039 pro
591 1978 750 2038 proloquens
761 1976 823 2038 qaod
832 1975 981 2024 mrissimum
991 1981 1038 2023 est.

121 2051 180 2102 144.
197 2053 216 2100 Ι.
224 2056 266 2103 44.
284 2069 306 2101 4.
316 2057 357 2103 at.
367 2053 459 2102 Consul
471 2054 503 2102 44
516 2053 553 2110 14,
565 2055 630 2118 quod
641 2054 717 2118 pridie
727 2055 905 2118 praetermisisse
914 2056 1038 2121 pugnandi
1048 2057 1200 2107 occasionem

86 2117 227 2176 videbatur,
235 2126 292 2168 tunc
301 2133 397 2182 qnoque
409 2135 453 2183 per
460 2119 566 2183 speciem
574 2120 713 2168 immolandi
723 2126 804 2169 tacere
814 2121 941 2172 videbatur
948 2132 1051 2187 tempus.
1146 2170 1149 2175 .

488 2233 513 2259 ‘⁸'
527 2237 567 2283 21.
576 2235 617 2285 44
626 2250 699 2285 unum
708 2249 796 2285 444444.

123 2314 155 2363 P.
166 2311 209 2363 44
221 2329 295 2364 usum
307 2329 396 2370 444444,
418 2329 463 2379 pro
478 2329 567 2375 omnes,
583 2317 649 2365 44444
662 2322 773 2380 exceptu·
793 2314 859 2379 quod
878 2314 962 2378 inepte
977 2316 1062 2365 dicunt
1078 2330 1152 2380 44444
1166 2319 1199 2369 ed

89 2393 173 2429 44444.
184 2379 268 2429 11444.
291 2380 345 2429 044.
355 2382 385 2429 44
398 2379 478 2431 Amic.
490 2395 512 2429 c.
524 2385 565 2430 23.
584 2381 625 2429 De
641 2381 746 2429 amicitia
761 2396 846 2429 omnes
865 2380 897 2428 44
912 2397 988 2430 unum
1000 2380 1067 2429 idem
1083 2382 1200 2434 sentiunt.

90 2443 163 2494 'Cio
174 2444 192 2492 1.
202 2446 242 2493 12.
253 2445 324 2495 Fam.
336 2459 372 2507 ep.
385 2449 426 2495 14.
451 2445 572 2494 Onerariae
582 2460 657 2494 naves
672 2461 756 2495 omnes
773 2447 803 2494 44
818 2460 917 2495 memo
930 2445 1001 2495 nobis
1014 2453 1070 2495 sunt
1080 2454 1199 2511 excepta.

93 2510 179 2559 σθω
188 2509 225 2561 Β.
236 2509 265 2559 c·
276 2510 295 2557 l·
303 2514 327 2559 31
339 2524 361 2559 c·
369 2511 432 2574 m0§
443 2512 468 2559 21

123 2572 155 2603 ⁴³*
165 2573 292 2623 Interdum
312 2575 426 2623 reticetur
444 2590 531 2624 444444.
565 2575 616 2624 Cic.
636 2589 680 2640 pro
699 2575 786 2624 Plora.
808 2573 855 2624 Cui
877 2579 933 2624 eunt
954 2575 1045 2624 assensi
1064 2575 1095 2624 ad
1115 2591 1199 2625 unum.

92 2639 192 2689 Goelea.
202 2655 228 2703 p.
240 2641 281 2689 82.
290 2639 382 2689 obsera.

221 2747 235 2810 §
249 2744 301 2793 III.
313 2748 336 2794 1.
346 2745 388 2796 44
398 2759 442 2809 pro
455 2747 533 2808 opud;
549 2751 587 2807 ot,
595 2759 663 2809 neor,
674 2744 735 2794 44444
748 2759 820 2809 upon,
831 2744 892 2794 iord
903 2745 946 2809 by:
963 2745 1068 2794 deloco.

123 2826 167 2877 44
182 2841 227 2890 pro
244 2828 309 2888 opud
324 2825 446 2874 interdum
464 2824 703 2874 referturadlocum.
745 2824 797 2874 044.
813 2828 830 2873 4
847 2825 915 2874 Vere.
927 2839 949 2872 4.
959 2828 983 2873 8.
1000 2824 1042 2873 Ad
1052 2826 1135 2874 urbem
1145 2843 1201 2879 oum

89 2900 165 2952 emet,
181 2891 282 2939 audivit.
291 2906 350 2941 reor
360 2891 400 2941 tbc
410 2891 468 2956 city.
479 2890 612 2951 (interdum
626 2897 707 2939 umen
724 2897 761 2936 est
771 2889 845 2936 etiam
854 2905 898 2952 pro
906 2890 934 2939 ia
944 2890 1011 2947 urbe,
1022 2898 1058 2946 ut,
1073 2891 1201 2955 Supplica-

89 2959 126 3007 tio
137 2957 168 3006 ad
182 2956 264 3005 omnia
281 2956 381 3019 templa,
403 2956 454 3006 Cic.
468 2956 538 3005 Fom.
553 2955 572 3021 1.
583 2958 623 3004 11.
640 2969 676 3018 ep.
694 2957 734 3002 18.
751 2954 845 3002 Adesse
857 2953 888 3001 ad
894 2953 1044 3019 judicium,l
1056 2956 1123 3005 Verr-
1132 2972 1154 3005 o.
1163 2954 1201 3021 1.)

90 3023 156 3073 141.
169 3026 193 3071 1.
204 3019 260 3071 414.
270 3036 306 3085 ep.
316 3024 341 3070 2.
358 3021 491 3085 Signaque
501 3019 572 3068 nohis
581 3019 679 3074 curasti,
690 3033 720 3067 ea
735 3019 834 3066 suntad
849 3017 958 3084 cajetam
973 3021 1090 3083 exposito.
1107 3020 1148 3087 14.
1155 3036 1201 3084 prs

89 3088 189 3140 Mareu.
197 3103 220 3137 c.
232 3090 271 3135 15.
292 3084 379 3151 Pugna
394 3084 486 3134 navalis
501 3084 533 3134 ad
544 3084 678 3133 Tenedum.
694 3084 734 3133 Id.
749 3099 794 3147 pro
808 3084 866 3133 Coei.
878 3101 900 3133 c.
912 3089 953 3135 15.
969 3084 1053 3134 Habes
1071 3086 1154 3134 hortos
1169 3086 1201 3136 ad

91 3153 211 3202 Tiberim.
222 3165 282 3201 4444·
294 3151 334 3200 ibe
346 3150 425 3200 Tibcr.

123 3217 239 3266 4114444
256 3216 374 3279 personis.
409 3214 460 3264 cte.
480 3219 497 3264 2
518 3214 587 3264 Vcrr.
598 3231 620 3263 4.
632 3218 655 3263 8.
677 3213 770 3277 Reperi
785 3227 817 3261 ex
836 3214 874 3261 his
887 3213 956 3278 quasi
975 3214 1061 3263 decem
1077 3213 1150 3264 fiscos
1169 3216 1202 3263 44

89 3290 225 3331 senatorem
238 3281 310 3328 illum
324 3281 422 3329 relictos
432 3295 493 3328 esse.
504 3284 531 3328 ut
543 3280 599 3329 44444
609 3278 740 3335 Senator’a,
757 3278 818 3327 444144
828 3279 868 3328 tlte
885 3279 996 3328 Senator.
1030 3279 1069 3328 14.
1087 3279 1113 3327 in
1126 3281 1203 3330 Brut.

90 3363 114 3396 c.
124 3350 166 3398 20.
176 3346 240 3396 Cato
249 3346 333 3394 contra
351 3345 459 3408 Sergium
471 3343 576 3392 Galbam
593 3344 624 3392 44
634 3345 750 3409 populum
760 3357 854 3391 summa
863 3345 1018 3392 contentione
1027 3342 1114 3392 dixit³
1133 3346 1149 3375 ⁹
1161 3345 1204 3394 ld.

90 3413 109 3460 Ι.
122 3418 165 3462 ¹⁰0¹
171 3410 227 3462 Ail-
238 3426 276 3474 ΕΡ·
286 3415 302 3460 4
313 3417 339 3458 et
349 3412 389 3459 18·
406 3409 462 3460 mv·
472 3410 490 3457 l·
502 3414 542 3459 1⁰·
553 3426 576 3458 cs
586 3413 627 3458 354

124 3475 137 3502 ‘
159 3475 202 3527 44
211 3490 255 3539 pro
266 3477 337 3538 opud,
356 3475 456 3524 refertur
473 3473 506 3522 ad
524 3475 626 3523 animos.
661 3474 746 3522 04444
762 3474 796 3523 Β.
815 3473 849 3522 G.
864 3473 881 3521 1.
890 3477 915 3523 4.
932 3489 954 3522 4.
966 3478 1006 3522 14.
1022 3474 1035 3536 i
1051 3477 1076 3523 7.
1097 3473 1204 3523 Tantum

92 3556 146 3590 esse
162 3555 252 3589 nornen
267 3553 339 3603 atque
355 3539 496 3604 opinionem
513 3539 634 3587 exercitus
643 3537 718 3587 Rom.
729 3538 801 3586 etiam
812 3538 844 3584 44
857 3537 954 3586 ultimas
964 3537 1142 3591 Germanorum
1159 3554 1202 3587 ns·

90 3607 179 3663 tiones,
189 3606 225 3654 uti
235 3605 348 3668 opinione
357 3617 383 3653 et
392 3604 499 3652 amicitia
510 3604 598 3668 Populi
609 3603 642 3652 R.
651 3603 697 3650 tuti
707 3617 761 3651 esse
773 3605 875 3666 possint.

125 3670 306 3734 Nonnunquam
317 3670 347 3717 ad
359 3670 418 3718 alias
429 3683 474 3717 res.
509 3671 560 3718 Cic.
571 3668 587 3717 l.
598 3671 623 3718 4.
641 3669 710 3718 diosc.
722 3684 744 3716 c.
760 3672 785 3716 2.
810 3667 859 3716 Hic
877 3667 1002 3732 epularum
1019 3666 1084 3731 apud
1101 3667 1205 3732 majores

91 3751 144 3783 mos
153 3735 210 3791 tuit,
220 3742 248 3783 ut
264 3735 379 3798 deinceps
388 3734 430 3799 qui
441 3736 594 3791 recubarent,
611 3739 724 3782 canerent
737 3731 769 3779 nd
779 3732 866 3781 tibiam
876 3733 994 3781 clarorum
1003 3731 1108 3779 41444444
1119 3732 1205 3781 laudea

92 3808 166 3866 atque
174 3801 284 3851 virtutes.
302 3801 341 3850 14.
351 3801 368 3848 1.
376 3805 401 3851 2.
407 3802 437 3849 44
444 3801 490 3862 leg.
499 3815 521 3848 c.
529 3804 571 3849 21.
588 3798 878 3858 Honoratorumvirorum
888 3797 970 3845 laudes
984 3797 1011 3844 iu
1026 3796 1142 3846 concione
1153 3813 1205 3847 me-

125 4016 139 4044 ²
152 4011 201 4062 Vel
217 4011 301 4077 potius
315 4012 338 4062 si
352 4011 484 4076 spectrasi
501 4026 621 4076 compares
638 4027 699 4068 4444,
720 4018 768 4060 cet.
789 4009 898 4057 Tralatio
914 4008 1010 4057 videtur
1027 4010 1099 4059 ducta
1110 4026 1123 4057 s
1134 4012 1207 4059 rebus

89 4076 270 4192 ,1144ζέ64444,
287 4092 320 4126 ex
334 4092 435 4142 quorum
451 4083 565 4141 respectu
580 4084 662 4125 mutuo
675 4076 795 4141 judicium
811 4073 841 4144 fit
860 4075 899 4121 vel
921 4077 1064 4138 praestantia
1084 4077 1124 4123 vel
1138 4076 1207 4141 iguo-

126 4177 209 4257 ³Hoc
229 4207 366 4273 exemplum
384 4213 486 4263 motum,
496 4204 616 4270 quandum
632 4206 748 4270 populum
767 4218 849 4252 versus
859 4203 1014 4255 subindicare
1024 4204 1125 4255 videtur.
1142 4196 1206 4268 Ergo

93 4272 200 4324 dubiam.
214 4272 304 4338 (11414.
316 4270 356 4323 Sic
365 4271 498 4333 44444144
510 4286 562 4337 pro,
571 4271 740 4334 opedjadicos,
751 4283 800 4318 uon
810 4283 860 4318 uno
870 4269 949 4333 1444.)
