2670 4636
51 267 208 345 aratur.
403 264 461 327 us
491 258 734 331 ranrroutrs
754 269 814 322 eu.
1095 255 1158 315 too

383 415 411 461 2.
427 411 600 468 rma-ee,
615 413 690 467 certa,
702 409 745 459 aad
754 412 827 459 oona

50 538 55 547 .
89 493 272 558 Nonnunquam
287 507 342 543 eum
356 494 410 550 aad,
426 497 498 556 cate,
515 493 558 541 aad
576 496 640 542 certa
656 490 792 554 copulatur.
824 480 1159 550 Cie.l.6.Att.ep.2.'Pro

52 557 142 624 Appio
156 575 201 608 noa
211 560 252 609 hic
263 559 341 607 omnir
353 557 463 622 lecimus,
480 559 579 605 honeste
590 564 679 611 tamen,
689 555 738 630 'sed
754 554 825 617 plane
836 553 945 630 libenter.
973 553 1012 601 nt.
1022 550 1076 625 ¹2¹·
1088 550 1159 600 Fora.

53 640 97 688 ep.
107 629 132 674 t.
159 626 241 683 Quem
251 633 331 672 tamen
342 623 377 671 illi
387 637 440 671 ease
449 623 476 670 in
487 620 636 686 principibus
649 620 720 668 laorle
731 627 788 695 punt
797 633 878 683 passr;
895 617 989 665 evolare
1007 615 1078 662 altius
1094 620 1161 663 certe

55 690 271 805 appolppdrpnt.edld.
288 691 307 736 l.
318 691 342 800 ll.
353 687 411 801 Ata.
420 703 456 750 ep.
467 691 492 736 9.
508 685 596 798 Nefppe
608 701 659 733 sum
671 684 826 733 medroonter
838 691 979 738 cominotus,
989 694 1069 744 nequa
1078 686 1161 728 tamen

120 755 199 815 '';s
239 752 388 816 certeaiqni
415 751 531 800 sunnonis
575 759 594 798 t.
1038 773 1042 780 ·

455 854 479 900 8.
498 850 586 898 Tamen
601 847 627 896 iu
642 846 771 912 principio.

94 934 156 984 Non
170 949 223 982 raro
233 933 260 981 in
276 932 398 997 principio
418 932 555 980 collocatur.
564 930 583 961 ¹⁴
617 931 668 978 Cio.
679 930 696 977 1.
706 935 730 978 9.
742 929 811 978 Fam.
827 942 864 990 ep.
878 930 918 976 19.
935 926 1025 975 Tamen
1041 943 1057 976 a
1071 924 1165 975 malitia

60 1013 113 1047 non
124 998 244 1047 incedis?
262 997 356 1047 burum
366 1005 427 1062 your
443 998 552 1047 satiricol
568 997 666 1045 humour
680 995 847 1059 perforantem
860 990 925 1055 aaut
958 993 998 1042 m.
1012 1007 1057 1056 pro
1070 995 1165 1043 Clam·

61 1067 119 1113 c.3.
135 1063 242 1112 Tametsi
257 1064 375 1125 permulta
391 1070 457 1119 sunt,
472 1076 526 1124 quae
541 1060 610 1117 milri,
629 1067 756 1122 antequam
777 1061 807 1107 de
824 1071 896 1107 causa
912 1057 1001 1114 dicam,
1016 1056 1047 1105 de
1061 1071 1167 1105 eorumn-

62 1129 135 1177 nibna
154 1128 250 1176 invidlae
266 1128 376 1190 periculis
394 1125 498 1175 dicenda
516 1141 567 1174 esse
584 1124 722 1181 videantur;
738 1131 819 1171 tamen
836 1138 868 1170 ne
882 1120 973 1171 diutins
988 1123 1094 1170 oratione
1111 1135 1168 1171 mea

59 1208 181 1255 suspensa
190 1192 325 1256 expectatio
340 1198 420 1239 vestra
428 1201 547 1246 teneatur,
557 1189 681 1253 aggrediar
691 1188 723 1238 ad
732 1188 830 1236 crimeu.
846 1185 966 1252 (Altemm
976 1187 1022 1236 hoo
1033 1188 1169 1251 exemplum

62 1258 138 1322 plane
149 1257 256 1306 alienum
265 1264 318 1305 set:
334 1256 362 1305 in
372 1257 446 1320 priori
457 1264 535 1304 antmn
545 1255 612 1302 haud
622 1253 696 1302 dubie
711 1261 790 1301 totum
805 1252 948 1301 antecedens
958 1252 1072 1300 omissum
1082 1260 1130 1309 est,
1139 1266 1169 1301 ex

59 1323 238 1435 ‚ponanatudiue
246 1322 362 1386 loquendi
368 1321 440 1371 facile
446 1321 639 1384 intelligendum.
655 1319 694 1368 De
703 1319 845 1382 hougeuere
854 1318 905 1366 rid.
917 1318 1024 1367 Gronov.
1033 1317 1169 1379 adLiniasc

76 1419 85 1436 Ο
93 1391 137 1437 230
145 1403 168 1436 c·
179 1387 232 1452 ¹90)

266 1483 315 1535 ⁴4.
334 1484 422 1534 Tamen
437 1484 545 1548 sequitur
555 1482 748 1533 subintellectum
759 1483 853 1545 quidem
862 1482 901 1529 vel
917 1481 971 1530 etei.

100 1565 186 1617 Idrias
196 1566 215 1615 l.
223 1568 249 1614 2.
257 1579 283 1614 c.
292 1569 333 1615 46.
349 1565 448 1614 Maturo
457 1581 498 1613 res
505 1573 565 1621 erat,
577 1564 696 1613 Consules
705 1563 891 1626 tergiversantur
900 1571 991 1611 tamen.
1023 1561 1088 1612 lota.
1098 1577 1121 1611 c·
1131 1566 1175 1612 51.

66 1629 168 1688 Consul,
187 1629 299 1680 nonnihil
316 1636 343 1679 et
356 1630 469 1679 besterna
483 1630 601 1678 felicitate
617 1643 704 1693 pugne
714 1628 789 1686 feror,
806 1628 883 1690 magis
898 1634 989 1684 tamen,
1006 1626 1071 1690 qnod
1089 1626 1173 1692 iuopia

64 1694 190 1753 nameus,
202 1695 309 1760 quamvis
324 1694 351 1742 in
369 1694 511 1758 precipimur,
528 1695 587 1742 dum
599 1694 716 1743 celeriora
730 1700 819 1748 essent,
827 1694 914 1756 agebat
923 1691 1030 1748 consilia,
1041 1700 1131 1740 temere
1142 1691 1175 1741 ad

68 1768 148 1809 amno
162 1760 269 1808 hostium
284 1758 362 1808 aciem
376 1761 463 1810 erexit.
498 1760 550 1809 Cic.
560 1760 577 1808 l.
588 1761 613 1807 3.
625 1760 680 1810 stt.
691 1774 729 1822 ep.
741 1763 780 1809 11.
795 1758 840 1805 Me
850 1768 875 1807 et
885 1764 933 1805 tuae
946 1757 1028 1814 litere,
1039 1757 1174 1820 etquidem

67 1824 128 1874 boni
137 1825 229 1881 nuncii,
244 1839 295 1872 non
308 1823 406 1887 optimis
415 1832 496 1874 tamen
510 1824 645 1888 autoribus,
659 1824 737 1872 adhuc
747 1822 924 1872 Thessalonicae
938 1823 1064 1872 tenebunt.
1097 1822 1131 1871 Et
1139 1822 1174 1870 ita

66 1888 136 2004 illm
143 1904 208 1954 sepe
219 1888 284 2020 plibi.
316 1889 371 1955 (Sic
381 1898 466 1940 cenna
475 1898 532 1955 post
541 1890 596 1950 etsi,
605 1889 713 1953 ammeio
721 1887 840 1937 omittitur
848 1893 937 1939 tomen·
948 1887 981 1938 V·
993 1888 1061 1938 Cart.
1070 1884 1100 1936 ad
1113 1886 1175 1937 Sall·

91 1970 168 2018 καί.
179 1958 220 2005 ⁸⁵·

289 2048 306 2081 ⁵
315 2055 341 2100 b.
358 2052 446 2102 Tamen
457 2053 565 2118 sequitur
574 2051 634 2101 duos
645 2051 763 2101 ablativos
773 2051 958 2116 consequentia.

107 2131 161 2181 cte.
168 2131 185 2180 l.
193 2137 217 2182 δ.
225 2131 296 2183 Fum-
306 2148 343 2196 ep.
353 2136 379 2181 2.
394 2131 447 2181 Hac
456 2145 558 2197 accepta
567 2139 617 2180 tam
626 2131 718 2195 insigni
726 2131 809 2199 injuria
829 2140 908 2180 tamen
915 2133 958 2179 illo
964 2132 1018 2195 ipso
1028 2131 1068 2180 die
1080 2130 1135 2180 misi
1146 2127 1178 2180 ab

69 2196 200 2246 Metellum
210 2211 347 2246 communes
364 2197 463 2254 amieos,
480 2201 521 2262 qui
531 2209 629 2261 agerent
638 2213 692 2246 enm
704 2212 742 2253 eo,
752 2204 781 2245 ut
795 2169 825 2245 ab
837 2197 879 2244 illa
888 2204 968 2244 mente
979 2196 1110 2245 desisteret.
1140 2194 1180 2247 It.

124 2262 252 2312 1411.οῶ-
273 2261 397 2318 Horatius,
414 2262 521 2312 nondum
536 2265 611 2311 libera
627 2262 736 2325 civitate,
751 2271 831 2310 tamen
849 2262 934 2325 populi
951 2261 1057 2310 Romani
1073 2261 1177 2310 comitiis

82 2326 188 2375 'beratus
198 2333 244 2375 est.
275 2327 316 2376 Id.
328 2331 344 2376 2
358 2326 424 2376 Phil.
435 2343 459 2376 o.
469 2332 512 2378 16.
528 2328 647 2376 Miserum
661 2343 714 2376 me:
732 2327 865 2376 consumtis
881 2327 946 2377 enirn
960 2327 1080 2390 lacrymis,
1096 2333 1179 2374 tamen

71 2391 162 2441 infixus
176 2391 255 2440 animo
264 2391 342 2440 haret
352 2392 429 2442 dolor.
462 2393 503 2443 nt.
512 2394 528 2442 l·
539 2398 564 2443 t.
574 2393 630 2443 Aot.
641 2408 677 2457 ep.
689 2396 729 2443 11.
751 2392 836 2441 Nostri
846 2392 913 2449 olim,
928 2393 986 2440 urbe
997 2393 1088 2455 reliqna
1099 2397 1180 2456 capta,

74 2470 156 2504 arcem
165 2457 246 2505 tamen
256 2458 412 2505 retinuemnt.
444 2458 483 2507 lo.
494 2473 516 2506 c.
525 2462 566 2507 17.
581 2459 711 2521 Caesarem,
725 2457 756 2506 L.
767 2458 862 2507 casare
875 2473 932 2507 cnm
946 2456 1104 2506 nmdmsde
1118 2470 1180 2521 paoe

73 2521 158 2586 rubro,
172 2529 253 2570 tamen
264 2520 332 2569 aiunt
343 2522 456 2570 acerrime
468 2523 588 2571 delectum
599 2523 695 2570 habere.

423 2635 472 2686 ·e.
488 2636 694 2700 romaqumn
704 2635 839 2701 persepe.
881 2601 883 2605 ¹

109 2714 189 2766 cio!
200 2715 311 2766 Cutil-c.
327 2719 354 2765 ὃ.
378 2715 420 2764 Ibi
429 2716 641 2764 vehementissime
657 2717 808 2780 perturbatus
819 2712 941 2773 lentulus,
956 2725 1075 2766 menet
1086 2715 1182 2780 signnm

75 2786 105 2829 et
114 2794 212 2828 manum
222 2795 290 2829 snam
300 2781 421 2845 cognovit.
454 2781 494 2830 Id.
504 2782 522 2828 l.
533 2785 573 2831 12.
583 2780 638 2831 Ati.
647 2796 684 2844 ep.
693 2785 733 2831 14.
749 2782 820 2830 Bruti
830 2783 904 2830 litera
915 2781 1011 2846 scriptun
1021 2783 1184 2846 etpmdentsr

76 2852 104 2893 et
114 2845 201 2908 amico,
210 2846 299 2894 multas
306 2846 366 2894 mibi
375 2854 455 2893 tamen
467 2845 584 2910 lacrymas
593 2847 733 2894 attulerunt.
750 2848 994 2910 repromitterem.
1006 2851 1047 2897 1⁰.
1069 2847 1183 2910 Ingratus

79 2914 119 2958 est
127 2909 276 2974 injustasque
287 2911 357 2966 civis,
373 2911 423 2974 qni,
435 2924 555 2958 armorum
570 2911 677 2975 periculo
691 2910 814 2969 liberatus,
832 2913 937 2960 animum
951 2920 1032 2967 tamen
1047 2913 1136 2961 retinet
1145 2927 1183 2960 ar·

77 2974 234 3089 multl-
244 2978 275 3026 tie
285 2974 388 3040 Republ.
396 2991 419 3024 c.
430 2981 454 3025 5.
471 2974 532 3080 lino
543 2990 588 3040 ego
596 2976 723 3034 admirans,
731 2976 862 3026 referebam
869 2986 953 3027 tumen
963 2976 1047 3027 oculos
1057 2976 1088 3026 ad
1097 2983 1186 3037 terram

73 3126 77 3133 ¹
127 3128 129 3133 ’
221 3134 273 3188 *7.
293 3122 487 3205 Tamea'ponimr
496 3145 553 3204 post
563 3139 612 3204 qai,
631 3118 794 3190 conditionem
804 3141 924 3204 quandam
933 3141 1047 3191 innuens.
1104 3180 1108 3188 .

116 3216 169 3267 cto.
178 3216 196 3266 l.
210 3221 234 3267 1.
245 3219 274 3269 tle
288 3216 341 3284 Off.
353 3235 376 3268 c.
385 3223 428 3270 44.
453 3218 495 3267 Illi
505 3219 560 3284 ipsi,
572 3235 672 3283 quornm
688 3219 766 3271 studia
777 3222 873 3285 vitaque
884 3222 962 3271 omnis
976 3223 1004 3271 in
1014 3238 1092 3272 rernm
1102 3221 1186 3287 cogni·

80 3279 150 3329 tione
160 3291 254 3331 versata
261 3290 307 3340 est,
318 3291 400 3331 tamen
410 3285 440 3333 ab
450 3283 566 3348 augendis
576 3281 697 3334 hominnm
707 3286 852 3335 utilitatibus
863 3303 911 3336 non
927 3297 1087 3338 recesserunt.
1119 3289 1189 3338 Idem

79 3361 126 3410 pro
138 3346 213 3396 Ruso.
222 3347 281 3397 Am.
293 3363 315 3395 c.
324 3352 365 3398 36.
381 3347 519 3405 Africanus,
531 3349 574 3415 qui
584 3365 627 3399 suo
635 3352 776 3416 cognomine
787 3352 901 3410 declarat,
911 3353 1005 3401 tertiam
1016 3361 1110 3417 partem
1121 3354 1186 3403 orbis

82 3419 198 3460 terrarum
216 3427 243 3460 se
256 3412 387 3476 subegisse,
403 3414 526 3472 tamensi
544 3429 587 3463 aua
602 3430 642 3464 res
651 3426 770 3480 ageretur,
786 3418 950 3465 testimonium
960 3434 1007 3465 non
1018 3419 1116 3467 diceret.
1149 3420 1188 3469 lb.

84 3491 108 3525 c.
118 3479 160 3525 13.
175 3476 248 3525 Illam
278 3477 365 3533 riorem
381 3479 586 3542 proscriptionem,
604 3496 657 3544 qun
672 3482 737 3531 iacta
747 3488 784 3530 est
793 3483 820 3530 in
830 3497 882 3539 eos,
894 3483 935 3547 qui
946 3497 1012 3531 arma
1021 3484 1104 3549 capere
1116 3492 1189 3546 potu·

79 3547 164 3597 emnt,
174 3493 370 3590 tumenlbenatus
380 3544 501 3608 suscipere
512 3544 598 3593 noluit.
631 3547 672 3597 Id.
680 3546 698 3595 l.
711 3551 736 3595 3.
747 3546 803 3597 Aot.
813 3560 851 3610 ep.
860 3550 901 3598 26.
921 3546 974 3611 Ego
984 3547 1040 3596 buio
1049 3544 1101 3610 spel
1112 3553 1138 3596 st
1148 3562 1189 3597 ex-

83 3604 227 3670 pectationi,
239 3621 292 3670 quaa
304 3607 374 3656 nobis
385 3609 533 3672 proponitur,
547 3610 645 3658 maxime
655 3618 735 3658 tamen
743 3612 809 3660 volni
816 3612 949 3677 prestolari
958 3612 1023 3677 apud
1033 3620 1058 3660 te
1068 3612 1095 3661 in
1106 3610 1190 3678 Epiro.

86 3670 155 3722 nto
170 3671 238 3722 Vm.
249 3686 271 3720 c.
280 3675 322 3722 6⁰.
340 3673 381 3723 Id.
391 3673 409 3721 l.
420 3678 446 3723 2.
457 3675 486 3724 tle
498 3675 569 3724 Orat.
581 3689 603 3723 c.
613 3679 654 3725 84.

285 3787 301 3819 ’
313 3792 337 3838 8.
356 3788 443 3840 Tamen
453 3796 510 3854 post
519 3790 710 3841 subintellectum
719 3795 746 3843 ia
755 3808 799 3858 pro
809 3795 857 3845 etsi
871 3794 910 3843 vel
918 3796 1004 3845 oum.¹⁶

121 3869 221 3920 Curias
230 3868 249 3918 l.
261 3873 303 3920 12.
315 3869 369 3919 Cic.
380 3871 449 3920 Fam.
459 3887 495 3935 ep.
507 3875 547 3922 le.
574 3873 705 3923 Deiectum
714 3877 841 3940 remigum,
852 3890 939 3941 magna
948 3877 1098 3926 contumacia
1108 3877 1193 3928 civita·

85 3942 150 3993 tum,
164 3941 245 3983 tamen
256 3935 315 3984 sans
324 3935 435 3984 celeriter
444 3937 578 3986 babuimus.
894 3986 897 3994 ,

121 4144 143 4176 rs
159 4139 189 4190 Iu
199 4140 323 4208 principiis
329 4142 481 4208 periodorum
490 4145 606 4196 antistare
613 4147 728 4211 punitum
738 4147 764 4197 in
772 4149 895 4214 principiis
902 4150 1195 4218 colorumlrandqnaquam

47 4327 49 4332 .
73 4348 75 4352 ‚
88 4221 241 4322 ”lgm
250 4273 500 4352 &antecrescentem
510 4266 631 4330 interdurn
641 4278 815 4335 militenen
828 4281 960 4349 Exempla
967 4276 1153 4341 uineaupnu'un
1158 4286 1228 4335 pun.-

76 4343 208 4400 mnone
217 4351 298 4403 supro
305 4344 362 4399 etas,
