2670 4636
521 228 747 295 saturatio.
1162 232 1181 288 t

80 403 268 466 cognoscere
278 384 309 443 in
317 382 445 463 ¹proclivi
455 392 512 455 est,
525 381 603 452 loca,
621 378 701 438 unde
713 376 810 456 petita
822 384 902 447 sunt,
925 374 1058 436 studiose
1071 375 1183 438 udrcrir·

81 484 210 563 primus.
249 480 308 539 Vix
321 488 421 540 autem
436 476 576 540 credibile
589 485 648 548 est,
663 484 806 554 quantam
818 473 907 554 hujus
921 474 1039 552 generis
1051 492 1184 536 etrcmm

80 575 433 661 copiamsustnlerimus.
474 575 661 636 Volebamus
672 572 752 632 enim
765 570 1184 633 uuiversolibellcesmadlri·
1240 642 1248 657 .

81 679 153 737 bere
164 675 361 754 diligentiam,
370 693 459 752 quarn
473 671 520 733 val
535 669 644 732 morosi
657 669 784 730 lectores
798 670 835 729 ab
850 668 1174 748 aditorepostularent.

123 772 164 832 V.
188 771 257 834 Hac
268 772 300 836 iu
314 781 414 831 mente
428 770 513 829 nobis
527 767 642 847 reliqua
655 767 726 826 item
740 765 928 845 indiligentia
940 764 1186 839 Tursellini-etsi

82 889 162 942 rara,
177 877 278 928 temen
292 865 447 947 probanda
471 884 532 925 non
557 874 631 937 erat,
652 863 759 923 sivein
774 862 1025 923 observationibus
1039 873 1069 925 at
1082 862 1186 923 admo·-

84 966 260 1033 nitionibus,
276 964 338 1025 sive
352 964 382 1023 in
393 962 537 1044 exemplis
548 961 687 1022 eluceret.
729 960 907 1042 Quanquam
919 961 997 1020 enim
1008 959 1039 1034 ii,
1051 961 1102 1041 qui
1112 969 1186 1021 ante

83 1082 135 1122 me
147 1062 281 1123 libellum
292 1060 498 1140 politissimum
513 1055 680 1132 ediderant,
693 1057 765 1117 nihil
778 1075 855 1139 pene
870 1059 1085 1130 annotaverint,
1100 1059 1185 1138 quasi

84 1158 319 1240 exquisitissima
340 1156 400 1216 lide
424 1175 460 1216 ac
474 1175 589 1216 summa
602 1154 757 1234 diligentia
780 1154 935 1214 conlectus
958 1164 1058 1216 esset:
1085 1165 1186 1216 tamen

84 1255 118 1315 ld
133 1255 349 1326 me'detcrrere
373 1273 433 1314 non
459 1253 571 1326 debuit,
595 1252 778 1334 quominus
803 1251 913 1324 omnia,
938 1251 963 1311 si
987 1253 1049 1312 lieri
1072 1253 1186 1334 posset,

86 1353 256 1413 accuratius
281 1351 425 1411 limarem.
469 1351 678 1422 Quamobrem,
704 1369 772 1428 quae
796 1349 859 1409 sine
883 1349 1004 1408 Antoris
1027 1348 1134 1430 injuria
1156 1358 1187 1411 et

86 1469 157 1510 cum
165 1449 316 1515 lectorum
330 1447 487 1508 commodo
501 1446 610 1519 notari,
625 1446 763 1518 discerni,
787 1445 927 1519 ordinari,
952 1447 1088 1525 perpoliri
1102 1457 1187 1527 pota·

86 1556 167 1619 rant,
190 1566 228 1607 ea
251 1547 376 1625 integre,
397 1543 556 1623 diligenter
580 1563 616 1603 ac
629 1543 763 1604 modeste
784 1543 885 1603 nutavi
899 1551 930 1603 et
943 1542 1064 1622 digessi.
1106 1543 1188 1605 Nihil

85 1643 167 1704 enirn
194 1642 349 1704 honestius
364 1660 431 1701 esse
440 1641 544 1721 judico
565 1640 677 1701 homini
698 1640 848 1700 literarum
873 1639 1018 1713 studioso,
1042 1660 1132 1720 quarn
1147 1641 1190 1700 ⁴li·-

86 1738 414 1819 bertatem-diligentia,
435 1737 617 1809 innocentia,
632 1746 663 1796 et
676 1736 798 1796 veritate
812 1737 1033 1797 communitam.

131 1837 184 1896 Vl.
207 1836 376 1896 Praesertim
396 1844 496 1895 autem
520 1855 589 1913 quae
613 1832 824 1913 particularum
837 1834 883 1895 vis
896 1834 1188 1914 crebroacriptorum

86 1951 146 1993 usu
161 1932 232 1993 trita
253 1942 342 2007 esset,
363 1952 432 2011 quae
453 1932 562 2002 minus,
584 1940 726 2011 perpetuu
739 1930 964 2002 declaravimus,
986 1931 1032 1991 vel
1046 1931 1190 2012 appositis

86 2029 234 2109 exemplis
247 2030 393 2110 pluribus,
415 2028 496 2109 quod
519 2048 639 2111 perraro
659 2029 769 2089 lactum
791 2039 847 2103 est,
868 2028 915 2088 vel
928 2029 1003 2089 locis
1016 2027 1191 2108 designatis,

87 2126 170 2187 unda
183 2126 270 2207 plura
278 2127 375 2207 promi
389 2126 519 2205 possint.
559 2126 688 2187 Interest
701 2125 780 2186 enim
794 2144 906 2199 eorum,
924 2127 1032 2206 quibus
1047 2126 1192 2188 Latinitas

87 2223 173 2284 cordi
187 2235 245 2297 est,
264 2232 298 2284 ut
310 2224 389 2284 viam
402 2223 501 2282 tritam
514 2224 613 2303 potius
628 2223 777 2295 insistant,
792 2242 880 2304 quam
901 2232 1007 2284 tenues
1016 2242 1055 2285 ac
1068 2223 1193 2287 fallaces

90 2320 227 2380 tramites
241 2322 337 2381 secuti
360 2318 391 2379 in
415 2331 537 2398 vepreta
561 2330 592 2380 ct
617 2320 791 2381 solitudines
813 2320 1003 2401 abripiuntur,
1028 2321 1079 2381 ubi
1106 2330 1193 2383 etse

89 2416 219 2497 fatigant
233 2417 323 2490 anxii,
347 2426 378 2476 et
398 2416 523 2478 aliorum
547 2435 631 2495 spe-m
646 2417 893 2498 commodumque
914 2418 1094 2480 destituant·
1130 2418 1193 2495 Sed

91 2514 143 2574 ubi
166 2533 223 2574 nos
247 2513 427 2595 paucissima
452 2514 645 2594 proponimus
668 2514 824 2594 exempla:
853 2516 893 2575 ibi
918 2517 1089 2596 scriptores,
1110 2517 1192 2578 unde

91 2607 187 2669 allata
211 2620 293 2683 sunt,
313 2609 443 2670 utendos
456 2629 623 2670 censemus.
666 2611 771 2672 Cicero
793 2613 871 2671 enim
885 2614 994 2691 atejus
1008 2615 1106 2674 aetatis
1120 2595 1193 2676 scri-

91 2713 194 2784 ptores
205 2704 278 2764 nihil
290 2705 382 2765 ferme
392 2715 519 2783 ponunt,
530 2706 780 2784 quoddelicatum
794 2708 947 2787 ingenium
961 2705 1111 2771 offendatr
1125 2728 1193 2774 cura

92 2812 198 2862 contra
211 2802 263 2881 qui
276 2800 371 2860 Taciti
385 2801 525 2880 pleraque
539 2820 723 2882 concoquere
744 2805 871 2883 possint,
892 2805 928 2865 iis
948 2825 987 2866 ne
1000 2806 1115 2868 insulsa
1128 2808 1195 2888 qui·-

91 2897 164 2965 dem
176 2897 365 2957 stomachum
378 2912 499 2956 movere
512 2894 678 2960 videantur.

135 2993 204 3054 Vll.
226 2992 501 3074 interpretationem
521 2994 610 3054 etiam
636 2995 843 3056 Germanicam
869 2998 1071 3079 nesciocajus
1084 3001 1195 3077 autoris

93 3090 205 3170 sapius
218 3091 264 3151 vel
278 3089 418 3170 expoliti,
430 3090 496 3164 ael,
514 3091 539 3151 si
563 3101 672 3172 praeter
692 3094 903 3155 necessitatem
916 3097 1193 3178 interpositaesset,

92 3187 213 3248 rescidi.
254 3188 332 3248 Cum
357 3187 435 3247 enim
456 3187 524 3248 loca
548 3189 723 3272 scriptorum
748 3191 863 3271 integra
883 3195 1004 3254 nuncin
1031 3207 1195 3277 conspecta

94 3284 167 3358 sint,
192 3305 260 3364 quae
281 3285 369 3347 facile
387 3296 505 3365 *queant
528 3286 674 3368 intelligi:
703 3289 882 3369 ineptissimi
901 3291 1039 3367 hominis,
1064 3293 1114 3374 qui
1138 3314 1195 3356 uec

94 3379 164 3441 loca
187 3381 365 3462 scriptomm
385 3383 574 3463 inspexisset,
597 3404 655 3446 nec
679 3386 887 3449 Germanicam
911 3390 1041 3469 linguam
1061 3390 1196 3467 calleret,

93 3477 276 3557 conjecturae
300 3490 332 3541 et
352 3490 521 3542 commenta
544 3482 592 3542 vel
615 3483 791 3564 corrigenda
813 3487 860 3546 vel
881 3488 1195 3550 removendaomnino

93 3573 227 3640 fueruat.

136 3670 223 3733 Vlll.
244 3671 394 3733 Praeterea
405 3693 497 3736 novas
508 3677 730 3738 observationes
741 3677 880 3759 plurimas
890 3679 1012 3755 inserui,
1027 3702 1095 3763 quta
1107 3701 1126 3744 a
1138 3702 1196 3759 me,

94 3786 134 3828 ne
156 3786 226 3849 cuna
239 3769 397 3830 Tursellini
421 3773 468 3832 vel
481 3771 632 3835 Thomasii
656 3772 915 3839 observationibus
935 3779 1199 3860 contunderentur,

95 3876 172 3926 nota·
180 3846 284 3940 una',
305 3852 515 3930 Thomasianea
529 3891 599 3933 vero
612 3871 729 3933 duabus
744 3871 797 3911 '¹'
789 3874 940 3955 insignitae
955 3886 1035 3937 sunt
1050 3877 1110 3940 Sed
1121 3881 1199 3949 Tur.

96 3961 261 4023 sellinianis
276 3962 398 4044 quidam
411 3986 498 4047 quast
489 3965 624 4031 Herma
636 3987 698 4030 non
712 3982 777 4032 erat
790 3973 997 4054 apponendus,
1017 3974 1198 4097 jampridem

95 4076 150 4137 per
162 4076 199 4120 sc
211 4059 284 4120 satis
298 4061 438 4141 cognitis.

140 4154 196 4217 IX.
216 4155 326 4219 Omnia
339 4177 409 4220 vero
422 4160 459 4222 iis
483 4161 632 4224 literarum
657 4165 758 4226 formis
773 4184 915 4246 expressa
928 4177 1010 4244 suat,
1023 4191 1093 4250 quaa
1106 4174 1201 4237 lecto.

98 4255 357 4323 rumcenrmodic
376 4265 465 4340 atque
479 4258 684 4341 intelligentiae
696 4263 857 4326 consulant
869 4260 993 4345 optime.
1031 4269 1199 4354 sustentur
