2670 4636
109 269 229 348 :nsus]
467 265 527 326 DE
547 262 789 325 Psanlcvlds
803 272 879 326 eta.'
1155 267 1222 330 ’441

120 408 219 460 diebat:
243 413 283 463 sic
294 413 388 463 Muttt.
397 414 426 463 ’1.
437 415 462 461 8.
473 426 498 461 v.
510 415 551 461 19.
573 407 607 460 'eia
615 409 766 474 γραμμιπώι
774 425 817 473 nro
825 410 975 475 mmsis
985 429 1022 461 sss
1030 410 1127 476 quidam
1138 412 1226 464 scriba.

107 474 203 539 ,(4111
217 479 474 544 caprulensem.
490 485 517 526 et
531 474 580 527 alia
589 477 644 525 loca
654 475 710 540 ejus
724 478 750 525 iu
763 477 837 527 Cluso
849 479 902 527 Cis.
916 476 1024 543 nauta.)
1148 489 1152 495 ·

405 575 432 603 ⁹·
442 580 482 627 19.
503 576 573 625 Usus
582 589 624 637 pro
633 573 735 637 odraus,
749 573 777 621 in
786 573 945 623 numerando.

157 658 247 708 (liade
258 659 385 708 senocto.
396 661 422 708 5.
448 658 520 706 Plato
530 671 578 704 uno
597 666 622 703 et
632 655 779 718 octogesimo
789 671 851 704 anno
868 653 974 705 scribens
991 663 1154 706 estmortuus.
1184 656 1224 709 ld.

120 719 138 770 l.
151 723 191 772 14.
205 722 274 771 Fusa.
285 738 321 786 ep.
334 727 358 771 5.
384 722 425 771 De
436 723 492 772 navi
508 720 651 773 exeuntibus
666 719 737 767 nobis
748 718 854 770 Acastus
867 737 920 769 cuns
931 720 1006 786 literis
1017 729 1104 786 praesto
1115 720 1163 771 fuit
1176 737 1225 771 ano

120 793 146 833 et
165 787 279 836 vicesimo
300 788 349 838 die.
365 787 464 852 Ammo.
482 787 514 837 11.
533 787 590 836 Lin-
607 785 623 835 l.
636 788 660 833 6.
672 800 696 847 p.
713 788 769 834 179.
791 786 832 834 Sic
851 787 931 835 Mure.
948 788 970 834 1.
981 789 1022 836 lo.
1034 803 1060 836 v.
1071 790 1096 836 2.
1112 788 1156 846 τῆς
1170 786 1226 846 μιᾶς

119 850 250 908 σαββάτων
264 868 305 915 pro
320 855 364 912 τῆς
374 852 474 918 redens,
485 853 524 902 die
538 851 616 915 primo
633 850 799 900 Subbotoram.
831 849 875 914 (In
893 851 946 900 loco
964 851 1077 900 Matthai
1091 860 1129 899 est
1145 852 1224 900 aliter.

118 915 185 963 Nam
202 918 241 965 bie
251 917 293 978 μία
309 919 373 966 nude
386 918 483 980 ponitur
498 931 541 982 pro
552 915 648 980 τρέπε
667 916 691 962 in
710 915 751 963 illa
768 915 853 964 Latina
871 915 948 963 forma
965 931 1014 964 uon
1030 917 1099 980 item,
1113 915 1158 965 sed
1169 932 1225 965 cum

118 980 166 1028 alio
178 997 276 1031 numero
287 998 332 1032 nec
343 983 429 1031 Latine
443 984 509 1032 dicas
526 981 567 1031 dis
576 980 728 1030 hebdomadis
736 995 784 1030 ano
795 995 837 1044 pro
847 980 947 1045 solima.)

466 1108 472 1113 ·
536 1083 577 1135 2⁰·
597 1081 665 1129 Unus
674 1093 717 1142 pro
728 1079 798 1128 solus.

157 1161 225 1209 Uotis
234 1177 277 1225 pro
288 1165 351 1211 solus
360 1177 441 1210 rarum
456 1167 560 1208 nonest.
595 1158 828 1221 0111411111.
845 1163 868 1208 2.
879 1157 962 1207 Publii
973 1155 1082 1206 Africani
1098 1159 1222 1208 Panaetius

119 1239 183 1272 unus
198 1226 295 1273 omnino
306 1242 386 1275 comes
396 1226 449 1274 luit.
482 1225 609 1275 Panotios
623 1226 699 1272 alone.
731 1223 771 1272 lo.
783 1224 800 1272 1.
812 1228 836 1272 2.
854 1225 883 1272 de
901 1224 986 1274 Divis.
999 1239 1021 1271 o.
1032 1227 1074 1272 42.
1090 1226 1222 1281 Panaetius,

118 1289 161 1352 qui
172 1305 233 1338 unus
244 1307 258 1339 e
270 1292 358 1340 Stoicis
373 1291 555 1353 Astrologorum
569 1288 684 1353 predicta
698 1287 793 1352 rejecit,
806 1287 954 1337 Archelaum
970 1288 1086 1338 nominat.
1119 1291 1159 1338 Id.
1171 1291 1188 1338 1.
1200 1293 1224 1338 l.

120 1355 169 1410 Qu.
182 1357 225 1404 Fr.
234 1372 271 1418 ep.
283 1360 306 1404 1.
328 1357 359 1405 In
370 1357 418 1405 tuis
427 1355 526 1409 summis
537 1355 647 1403 laudibus
659 1353 786 1417 excipiunt
804 1369 872 1402 unam
883 1353 1038 1403 iracundiam.
1071 1352 1153 1403 *Add
1169 1354 1188 1404 1.
1198 1357 1224 1404 2.

117 1421 475 1486 deOffiallaetCoetorB.
488 1419 670 1471 G.l.4.c.1o.

490 1516 555 1567 ‘'21.
571 1518 716 1566 Unassoius
728 1530 770 1580 pro
780 1519 853 1566 solas.

153 1599 231 1647 ctat
249 1600 317 1649 Verr-
327 1615 349 1647 c.
360 1606 384 1648 5.
406 1599 530 1657 Quacum
542 1600 621 1646 omnia
633 1599 698 1646 iacta
713 1607 778 1655 suut,
790 1606 871 1645 tamen
883 1612 954 1645 unam
970 1598 1047 1646 solam
1062 1599 1148 1647 scitote
1167 1615 1222 1649 esse

117 1663 240 1711 civitatem
262 1665 444 1727 Mamertluam,
465 1680 517 1728 quas
540 1664 637 1727 publice
658 1664 761 1726 legatos,
784 1663 826 1725 qui
841 1662 941 1711 Verrem
967 1661 1101 1721 laudarent,
1122 1665 1225 1714 miserit.

120 1727 185 1776 Ibid.
206 1745 228 1777 o.
247 1734 287 1778 75.
312 1729 384 1777 Furta
400 1729 518 1792 praetoris,
548 1742 603 1792 qua
618 1735 700 1776 assent
718 1728 768 1776 HS.
784 1726 923 1782 duodecies,
939 1742 970 1775 ex
990 1743 1039 1774 uuo
1057 1730 1148 1792 oppido
1170 1729 1223 1778 solo

117 1806 133 1837 e
185 1801 247 1842 rtsta
264 1802 327 1847 sunt.
362 1795 399 1843 la.
409 1809 453 1857 nro
468 1792 539 1845 Sext.
550 1810 572 1842 c.
582 1798 624 1842 62.
640 1793 671 1841 In
688 1793 727 1840 bis
740 1793 811 1840 rebus
830 1807 893 1840 unus
909 1799 947 1840 est
963 1792 1027 1841 selus
1043 1794 1164 1858 inveums,
1180 1795 1224 1859 qni

117 1858 150 1905 ab
176 1874 205 1907 aa
216 1867 264 1908 tarn
275 1858 385 1923 impensa
394 1860 518 1909 voluntate
528 1859 644 1908 bonorum
655 1858 734 1922 palam
743 1858 878 1906 dissideret.

574 1977 615 2023 22.
630 1972 672 2021 Ad
682 1987 764 2022 unam.

151 2053 193 2102 As
203 2069 275 2103 unam
286 2062 324 2102 est
338 2055 403 2103 nulio
414 2059 518 2117 excepto.
538 2053 589 2107 Ciu.
606 2055 635 2102 de
646 2052 725 2102 Amic.
743 2069 764 2100 e.
779 2055 821 2100 26.
845 2051 885 2100 De
901 2051 1007 2100 amicitia
1023 2067 1078 2100 vero
1090 2067 1175 2102 omnes
1190 2053 1223 2102 sd

118 2133 194 2165 unum
206 2119 268 2166 idem
282 2119 397 2168 sentiunt.
415 2119 470 2168 btv.
479 2119 528 2168 16.
540 2123 610 2168 621.
624 2117 749 2165 Romanus
756 2133 799 2165 eos
805 2117 831 2164 in
841 2115 932 2180 Algido
939 2123 1091 2175 consecutus,
1101 2119 1222 2167 emnessd

117 2198 194 2230 unum
204 2184 301 2232 occidit.
336 2184 387 2233 Cic.
398 2185 414 2232 1.
428 2189 466 2233 10.
477 2185 547 2234 Fam·
558 2199 594 2247 ep.
606 2187 645 2232 16.
662 2181 715 2246 Ego
725 2197 779 2231 eam
789 2183 933 2231 seutentiam
943 2181 1003 2239 dixi,
1016 2182 1055 2231 cui
1064 2184 1156 2232 assensi
1165 2192 1223 2233 suut

118 2248 278 2361 ad'i'niirmlris
289 2313 449 2363 locutionibus
458 2314 597 2363 subauditur
606 2328 688 2378 usqae.
721 2314 779 2362 Lis.
791 2312 808 2360 1.
817 2317 841 2361 6.
852 2327 879 2375 p.
889 2313 948 2368 419,
959 2315 1017 2361 420.

117 2378 244 2493 ῐθῐζζηὲῐῧ.
261 2379 290 2427 Ρ.
310 2381 342 2430 ln
358 2394 431 2429 unam
449 2381 501 2430 Gis.
520 2381 588 2430 Pstt.
609 2385 634 2429 9.
659 2378 685 2428 Si
704 2393 788 2427 omnes
805 2378 874 2426 Juris
895 2377 998 2425 consulti
1018 2378 1042 2426 iu
1065 2393 1141 2427 unum
1161 2394 1221 2429 con·

409 2538 451 2584 21.
471 2533 539 2583 Unus
550 2549 581 2582 ex
592 2531 707 2587 omnibus,
718 2533 757 2580 vel
768 2533 832 2581 inter
842 2534 929 2580 omnes.
946 2534 949 2540 '

154 2616 223 2665 Unus
232 2631 263 2665 ex
271 2616 385 2672 omnibus,
397 2615 436 2663 vel
447 2615 512 2663 inter
525 2628 612 2669 omnes,
624 2627 736 2674 magnam
744 2612 794 2658 vim
806 2611 878 2658 babet
889 2608 1008 2672 augendi:
1025 2612 1081 2673 quia
1089 2626 1152 2661 anas
1162 2628 1220 2661 con·

106 2682 194 2729 .fertur
203 2697 259 2730 cum
267 2682 381 2730 omnibus.
408 2680 485 2730 Cia-8
496 2679 572 2728 caat.
582 2695 604 2726 c.
615 2683 640 2728 7.
656 2678 704 2725 Ille
721 2685 774 2725 erat
789 2691 852 2724 unus
865 2674 986 2723 timendus
1004 2691 1032 2722 ex
1053 2677 1091 2723 bis
1100 2676 1220 2727 omuibus.

121 2748 235 2803 Cutiliae,
256 2747 285 2806 os
298 2748 331 2796 ull
349 2746 389 2794 tlte
400 2745 476 2801 cubui,
495 2757 546 2792 tous
555 2743 709 2803 formidabis.
742 2742 782 2791 Id.
798 2742 817 2788 1.
828 2745 852 2789 5.
871 2742 925 2790 111.
936 2755 973 2802 ep.
985 2743 1025 2788 15.
1047 2740 1100 2803 Ego
1111 2757 1172 2788 unus
1190 2758 1220 2790 ex

108 2811 236 2859 ¹omnibus
250 2811 332 2860 annisis
348 2810 458 2863 efficiam,
476 2816 504 2857 ut
520 2808 624 2856 maxime
643 2807 733 2854 laetere.
766 2808 806 2856 Id.
817 2806 834 2853 l.
849 2809 871 2853 l.
888 2807 917 2854 de
931 2805 1001 2853 Orat·
1019 2822 1042 2854 c·
1053 2809 1094 2854 22.
1111 2807 1176 2855 Cum
1194 2816 1220 2855 ta

119 2893 191 2925 unum
208 2892 237 2923 ex
249 2877 359 2923 omnibus
375 2875 406 2922 ad
422 2873 553 2922 dicendum
569 2871 673 2919 maxime
688 2879 771 2919 natum
789 2877 919 2933 aptumque
936 2884 1085 2932 cognossem.
1116 2870 1155 2919 lb.
1166 2873 1183 2920 l.
1195 2876 1221 2923 1.

117 2957 140 2990 c.
153 2946 193 2989 65.
209 2942 234 2988 Si
244 2942 379 3004 quaerirnus,
390 2940 447 3003 quid
464 2953 538 2985 unum
555 2937 660 2984 excellat
674 2952 703 2984 er
720 2934 839 2998 omnibus,
855 2934 927 2983 docto
943 2935 1030 2982 oratori
1043 2937 1121 2998 palma
1139 2936 1220 2985 danda

118 3013 166 3053 est.
199 3008 239 3056 ld.
251 3008 322 3055 Orat.
333 3022 355 3053 c.
366 3008 408 3055 29.
434 3002 612 3052 Demosthenes
628 3017 690 3048 unus
708 3002 799 3048 eminet
816 3002 878 3047 iuter
899 3015 983 3047 omnes
1003 3000 1110 3047 inomni
1129 3016 1218 3063 genere

118 3071 222 3120 dicendi.
255 3071 310 3118 Huc
321 3071 426 3133 pertinet
435 3068 495 3116 illud
510 3066 667 3128 Virgilianam
677 3068 735 3115 AEn.
746 3067 764 3113 1.
778 3069 799 3113 l.
811 3080 835 3112 v.
848 3069 887 3114 19.
904 3064 975 3113 Hanc
986 3064 1002 3112 J
1005 3080 1052 3111 uno
1064 3065 1134 3112 terris
1143 3065 1219 3115 fertur

118 3137 193 3201 magis
201 3136 310 3184 omnibus
318 3150 390 3183 unam
402 3133 543 3182 Posthabito
552 3131 654 3180 coluisse
664 3131 745 3179 Samo.

441 3236 488 3297 25.Ι
503 3235 571 3296 Unus
581 3246 694 3294 omnium.
714 3246 782 3294 Unus
792 3244 874 3292 totius.

148 3329 272 3377 Interdum
289 3328 384 3377 additur
399 3327 511 3385 omnium,
525 3333 567 3375 aut
584 3326 664 3374 totius.
698 3326 750 3375 Cio·
764 3324 862 3373 11111.
873 3323 926 3372 18.
939 3339 960 3372 c.
972 3325 996 3372 4.
1013 3322 1095 3370 Unum
1111 3323 1216 3372 omnium

114 3394 307 3458 loquacissimum
318 3401 343 3440 et
355 3393 452 3442 minime
463 3401 545 3455 aptum
562 3391 593 3439 ad
604 3390 739 3439 dicendum.
771 3389 812 3442 lu.
829 3387 946 3451 praRob.
964 3388 1034 3438 Post.
1046 3404 1069 3436 c.
1079 3393 1104 3436 9.
1131 3388 1217 3437 Virum

116 3477 192 3508 unum
215 3461 289 3507 totius
314 3458 506 3524 Graeeiaeliacile
526 3455 690 3505 doctissimum
709 3455 838 3503 Platonem
857 3453 882 3501 in
898 3452 1005 3501 maximis
1025 3452 1141 3515 periculis
1158 3452 1217 3502 insi·

115 3526 210 3590 diisque
222 3541 274 3573 esse
284 3532 413 3587 versatum,
423 3522 569 3586 accepimus.
1195 3538 1199 3546 ·

476 3624 517 3670 26.
539 3621 608 3669 Unus
617 3635 672 3667 curn
681 3614 856 3680 superlativo.¹⁹

154 3706 223 3754 Unus
240 3721 295 3752 cum
306 3702 450 3766 superlativo
465 3701 564 3749 mirifice
578 3706 659 3762 auget.
692 3696 839 3760 Intelligitnr
849 3695 915 3744 enim
929 3695 1041 3744 omrtium.
1076 3695 1127 3743 cte.
1145 3695 1216 3745 l.15.

118 3771 189 3825 Fam.
199 3786 235 3834 ep.
250 3774 291 3824 16.
318 3770 461 3830 Quanquam
471 3768 565 3830 quicum
574 3764 677 3827 loquor?
694 3779 750 3811 cum
760 3778 809 3809 uno
819 3759 948 3809 fortissimo
957 3760 1018 3822 viro,
1028 3759 1070 3823 qui
1084 3765 1130 3808 oet.
1146 3762 1216 3810 'soille

117 3851 134 3884 a
145 3851 200 3884 murt
214 3834 243 3894 of
254 3837 288 3884 ull
303 3836 382 3884 others
397 3833 437 3883 tlte
453 3831 555 3880 braeost.
587 3831 627 3880 Id.
636 3831 653 3877 l.
666 3833 688 3877 1.
698 3830 728 3878 de
739 3830 773 3877 N.
786 3829 859 3877 Deos·
869 3842 892 3873 o.
904 3828 928 3874 2.
945 3824 1000 3873 Una
1012 3824 1217 3875 excellentissima

105 3900 190 3955 ¹uirtus
204 3900 300 3977 justitia
306 3900 415 3977 tollatur.
431 3897 491 3972 1111Ι
503 3901 565 3971 most
579 3896 695 3970 excellent
709 3893 739 3987 ⁰(
751 3893 785 3968 ull
801 3893 840 3940 tlte
855 3891 954 4002 sistam.
973 3890 1096 4003 2l'irlzbl.
1112 3894 1138 3940 2.
1156 3893 1216 3967 aba.

116 3958 1218 4092 lgllnlltttaltllalt,illabata-⁸30tittslmjsatfatrtsblt

104 4110 152 4158 ep.
163 4099 204 4144 43.
215 4093 405 4143 Familiarissime
416 4106 463 4142 uuo
474 4091 555 4154 equite
564 4089 699 4152 Romano.)

216 4274 236 4336 19
252 4305 301 4355 Vel
311 4303 388 4352 verbis
398 4301 544 4368 superlativo
555 4289 739 4366 auuipamndie.
771 4294 1128 4422 1111.011.1.11.Δ11.111ἑ.2.
1188 4328 1198 4341 .

185 4387 254 4435 Tura.
1036 4379 1052 4423 6
