2670 4636
73 235 216 311 rssuu]
431 234 488 299 02
519 231 760 297 PARTICULIS
788 244 850 296 ete.
1116 228 1173 290 267
1261 288 1265 295 .

71 378 264 511 οᾰυὲιῗοαῑιιιιιι.
276 383 308 433 a
317 381 377 445 aeg.
387 383 405 431 1.
415 386 440 434 2.
451 397 473 434 ο.
484 386 524 433 ιτ.
539 382 671 433 rueme.
683 382 730 431 nus
743 381 836 447 μοι...
847 381 903 433 ..11.
918 365 1022 431 erma
1039 377 1109 428 01...
1119 379 1137 429 1.
1150 375 1174 425 s·

72 459 96 493 c.
127 477 134 492 .

373 592 382 611 ‚
452 549 477 594 2.
494 546 592 596 Partim
599 545 738 609 partimvei
749 545 802 595 alil.

108 620 144 671 D.
154 620 181 648 '⁸
192 621 316 672 Interdum
322 625 454 686 geminatur
463 625 502 672 vel
513 625 603 689 seipso,
612 626 651 674 vel
664 640 803 691 synonymo.
839 622 891 673 cte.
906 623 924 673 l.
934 626 958 672 2.
969 623 998 671 de
1018 623 1089 670 Orat.
1100 635 1123 668 c.
1134 612 1176 669 22.

73 687 188 737 Isocratis
198 690 285 746 eludo,
295 697 408 754 tanquam
420 707 449 738 ex
460 704 522 752 equo
528 691 640 752 Trojano,
653 690 771 754 innumeri
781 689 903 753 principes
913 689 1031 742 exierunt,
1040 686 1086 763 sed
1094 700 1178 733 eorum

94 754 163 801 actim
182 754 207 801 in
221 769 318 818 pompa,
351 755 421 802 urtim
437 755 462 802 iu
482 755 535 803 acie
552 755 656 804 illustres
674 771 726 803 essa
747 755 881 803 volucrunt.
914 754 953 801 ld.
970 752 997 800 in
1012 752 1096 801 Ptsoa.
1108 753 1180 798 nal.

73 769 142 867 iace
159 814 321 876 obtutare
369 820 447 885 ajam
461 821 566 867 maxima
584 820 673 883 prmda,
692 835 765 883 quam
780 835 809 867 ex
824 817 927 866 fortunis
942 816 1124 891 publicanorum
1134 829 1178 862 ex·
1285 882 1287 887 Ι

73 882 205 931 hauserat:
223 899 282 940 ,cum
299 884 386 945 partim
402 883 455 947 ejus
473 884 560 948 praedae
576 884 701 948 profunde
716 883 828 931 libidines
846 882 1008 937 devorassent,
1020 887 1105 944 purtim
1116 891 1180 946 nora

75 947 189 1009 quaedam
199 954 223 995 et
231 948 340 996 inaudita
350 949 466 996 luxuries:
478 950 700 1012 partimemtiones‚
709 949 797 1012 partim
803 947 998 1012 permutationes.
1023 946 1086 1020 Nep.
1094 944 1178 1006 Pelop.
1196 995 1199 1000 ,
1242 1010 1244 1017 Ι

76 1028 100 1060 c.
120 1015 143 1059 1.
158 1012 266 1060 Alterius
279 1013 389 1061 factimris
406 1014 528 1076 principes
545 1015 630 1078 partim
644 1013 821 1070 interfecerant,
837 1012 898 1060 alios
908 1013 933 1058 in
943 1011 1042 1058 exilium
1052 1015 1180 1074 ejecerant.

76 1077 179 1129 uaaas.
188 1079 252 1138 lug.
262 1093 285 1127 c.
295 1082 336 1128 21.
364 1079 524 1131 semisomnos
534 1078 630 1142 partim,
643 1079 703 1127 alios
715 1086 836 1126 sumentes
847 1091 912 1125 arma
921 1077 1006 1139 fugant
1020 1075 1179 1150 funduntque.
1201 1098 1203 1103 .

81 1142 177 1191 Gellius
186 1143 204 1192 l.
217 1145 255 1190 13.
266 1159 288 1190 c.
299 1148 340 1192 29.
356 1143 484 1191 Satirarum
497 1144 533 1190 M.
546 1143 666 1200 Varronis,
678 1159 736 1207 quas
745 1143 834 1206 partim
846 1141 960 1206 Cynicas,
977 1140 1017 1188 alii
1035 1140 1180 1202 Menippeas

76 1206 211 1270 appellant.
243 1208 345 1257 Sallust·
357 1210 419 1271 Jag.
431 1213 493 1257 clii
504 1214 531 1256 et
542 1212 574 1258 19
585 1215 611 1255 et
621 1212 661 1257 28.
825 1227 827 1230 ⁴

432 1305 462 1336 '⁶
475 1311 499 1356 1.
516 1307 839 1370 Partim—utiu-quaedam.

114 1383 167 1432 cic.
176 1385 194 1431 l.
205 1387 229 1434 1.
241 1387 270 1433 de
279 1384 364 1435 Dinia.
375 1400 397 1433 c.
407 1389 448 1436 42.
464 1386 503 1434 Ob
522 1387 622 1435 eandem
640 1402 734 1435 causam
755 1388 829 1435 multa
845 1385 959 1434 inusitata
974 1382 1060 1448 partim
1071 1397 1103 1430 ex
1113 1381 1182 1436 coelo,

78 1447 126 1496 alia
141 1463 173 1495 ex
186 1455 248 1496 terra
258 1449 403 1507 oriebantur,
413 1450 524 1514 quaedam
540 1453 612 1500 etiam
633 1468 661 1499 es
676 1452 800 1499 hominum
817 1450 963 1516 pecudumve
982 1453 1108 1510 conceptu.
1140 1446 1182 1510 (da

82 1511 136 1576 Off.
147 1514 165 1562 1.
173 1518 198 1565 1.
206 1529 230 1564 o.
239 1517 281 1564 46.
292 1521 331 1562 est
339 1517 456 1578 qaudam
467 1526 583 1579 sequente
591 1516 703 1581 partim.)

454 1611 485 1643 '⁴'
497 1616 522 1664 4.
535 1613 804 1678 Alia—portim-nlia.

115 1658 347 1742 0111111101.
367 1692 399 1741 D.
418 1709 440 1742 c.
457 1699 498 1743 61.
517 1692 655 1742 Bestiarum
675 1701 775 1744 terrene
794 1701 851 1743 eunt
868 1692 930 1750 aliae,
947 1696 1039 1757 partem
1055 1689 1183 1753 aquatiles,

80 1755 135 1806 aliae
146 1756 213 1820 quasi
224 1756 341 1820 aucipites
355 1755 381 1804 iu
392 1764 492 1820 utraque
503 1759 560 1807 seda
570 1759 686 1808 viventes.

401 1859 426 1904 ὅ.
443 1855 867 1921 Partim—portim-aoaaoaqactm

114 1934 226 1986 Scrttoa.
238 1937 349 2001 Compos.
358 1951 380 1984 c.
390 1939 431 1985 52.
456 1935 504 1984 Sed
517 1952 572 1984 cum
584 1937 652 1985 dolor
662 1937 766 2002 urgebit,
776 1938 843 1987 varie
854 1924 973 1985 sedendus
984 1942 1028 1993 est,
1035 1928 1124 2010 'partim
1134 1933 1184 2009 col·

17 2034 20 2039 -
79 1998 174 2069 latione
183 2001 341 2075 quomdam,
354 2001 439 2065 partim
455 2001 701 2058 commanducatione,
712 2017 882 2066 nonnunquam
893 2000 1012 2051 suffitione
1031 2006 1073 2047 aut
1090 2012 1185 2063 impost-

82 2064 152 2135 tione
162 2064 303 2131 aliquorum

427 2163 443 2193 ⁴*
454 2167 479 2211 6.
494 2163 592 2213 Partim
601 2163 648 2222 bis,
659 2172 696 2213 ter
706 2164 850 2230 sepiusque.

120 2240 172 2291 Cic.
182 2243 212 2292 de
219 2244 279 2306 Rep.
288 2245 305 2294 l.
317 2251 342 2293 et
352 2261 373 2293 c.
381 2249 406 2293 6.
421 2243 464 2300 Hi,
474 2243 517 2307 qui
526 2245 735 2302 terramincoiunt,
745 2246 833 2310 partim
843 2245 943 2308 obliqui,
954 2244 1042 2310 partim
1051 2241 1123 2297 versi,
1132 2256 1186 2304 par-

83 2305 129 2357 tim
139 2307 211 2355 et‘mm
219 2307 314 2356 adversi
324 2309 392 2358 uobis
402 2315 475 2356 stant.
491 2310 531 2357 Id.
542 2313 558 2358 2
571 2311 646 2360 Galil·
661 2327 683 2359 c.
695 2316 734 2361 10.
745 2319 772 2360 et
783 2313 801 2359 l.
811 2317 837 2361 2.
857 2313 886 2360 de
898 2312 958 2360 Nat.
969 2312 1003 2360 D.
1013 2325 1034 2357 c.
1045 2313 1086 2357 30.
1100 2315 1125 2354 et
1134 2309 1152 2355 l.
1162 2309 1186 2354 1.

81 2371 115 2419 de
125 2370 188 2432 Leg.
199 2387 221 2420 c.
232 2376 256 2420 8.
268 2380 330 2423 extr.
340 2374 397 2428 liis,
408 2374 473 2429 130.
483 2389 506 2421 ε.
516 2377 543 2422 9.
554 2383 579 2423 et
589 2377 606 2423 l.
616 2378 658 2427 42.
670 2392 692 2424 c.
699 2380 740 2425 41.
753 2378 805 2424 Gir.
815 2376 833 2427 1.
843 2379 867 2424 l.
886 2375 956 2425 Taso.
965 2392 987 2423 c.
997 2378 1038 2428 28.
1054 2372 1189 2420 Multitudo

84 2434 205 2496 pecudum
222 2437 307 2500 partim
317 2439 348 2487 ad
359 2437 511 2495 vescendum,
522 2440 610 2501 partim
620 2441 650 2487 ad
668 2441 747 2489 cultus
763 2455 881 2504 agrorum,
899 2441 987 2503 partim
1001 2435 1189 2496 advehendum,

83 2500 173 2613 1111ῐί3
188 2501 218 2548 sd
236 2517 336 2617 cpppora
350 2502 482 2552 vestienda.
515 2505 557 2553 Id.
572 2505 768 2573 1111111111.
780 2510 853 2554 atti.
871 2506 950 2570 prino·
979 2503 1044 2552 Vide
1059 2501 1133 2550 etiam
1148 2502 1187 2550 Id.

83 2578 130 2628 pro
174 2581 231 2619 ac.
276 2600 283 2616 .
358 2586 361 2591 ·

525 2694 638 2746 curus
658 2681 758 2746 ccxx.
854 2701 867 2776 j

457 2841 507 2906 De
520 2838 668 2898 Aduerbio
683 2839 819 2900 Panum.

506 2969 779 3020 areum-statum.

119 3045 220 3095 Psaurr
234 3048 376 3096 munatium
391 3048 464 3095 habet
480 3051 581 3099 maltum
599 3057 640 3098 aut
654 3050 760 3100 nimiam.
797 3052 847 3101 Cic.
859 3053 877 3100 l.
889 3057 912 3102 1.
924 3056 954 3103 de
966 3055 1036 3104 Orat.
1047 3071 1069 3102 c.
1078 3059 1119 3105 22.
1135 3053 1190 3104 Etsi

85 3126 144 3158 suus
160 3112 245 3174 cuique
258 3112 341 3160 modus
352 3120 397 3169 est,
407 3120 488 3162 samm
497 3115 573 3178 magis
584 3115 685 3164 offendit
698 3115 807 3172 nimium,
825 3133 894 3181 quam
911 3135 1002 3182 parum.
1034 3118 1050 3148 ³
1059 3119 1125 3170 Add.
1138 3120 1154 3167 Ι.
1166 3124 1189 3170 1.

86 3177 119 3224 de
131 3177 154 3223 0
171 3211 183 3287 l.
201 3192 224 3288 p.
235 3181 276 3226 25.
298 3180 356 3227 etl.
373 3182 397 3226 2.
417 3179 476 3228 ibid.
493 3195 518 3228 c.
527 3184 567 3231 13.
582 3187 607 3228 et
622 3182 640 3229 l.
656 3184 681 3231 7.
699 3183 769 3233 Fam.
779 3197 815 3245 ep.
830 3187 871 3234 11.
888 3184 943 3234 Lia.
955 3185 972 3232 l.
984 3188 1024 3232 ³8.
1036 3201 1058 3246 c.
1069 3188 1108 3258 11.
1126 3187 1188 3236 Cels.

85 3255 160 3304 prm.
183 3275 189 3289 .
218 3274 225 3288 .
1029 3292 1031 3296 ,

484 3345 509 3390 2.
526 3344 618 3395 Puram
627 3360 670 3408 pro
679 3360 727 3397 aaa
736 3347 804 3396 sctis.

122 3416 193 3480 Sapo
214 3426 340 3483 amrpatur
357 3424 408 3484 pro'
419 3436 466 3470 aaa
480 3423 549 3472 sotis.
582 3427 666 3476 Pluot.
686 3427 764 3476 atiel.
775 3433 799 3476 4.
816 3432 840 3477 1.
857 3429 926 3478 Duas
936 3429 1005 3487 dabo,
1016 3445 1066 3478 una
1076 3422 1096 3478 si
1107 3440 1190 3493 parum

88 3488 135 3530 est.
153 3483 179 3541 if
192 3485 432 3547 oaeisacteaouglt;
449 3487 584 3546 isonewill
594 3493 730 3557 actmtffim.
765 3494 804 3541 Id.
816 3493 920 3543 Ratdeat.
930 3500 955 3545 4.
966 3498 989 3544 4.
1008 3495 1067 3543 Dixi
1084 3495 1189 3557 quidem,

89 3547 132 3593 sed
143 3547 162 3594 si
178 3563 260 3611 parum
271 3549 421 3607 intellexisti,
435 3550 511 3599 dicam
524 3551 610 3600 denuo.
637 3555 663 3612 if
677 3557 695 3603 I
710 3556 768 3605 hune
778 3564 820 3606 not
829 3561 896 3607 made
909 3559 998 3623 mysels
1008 3560 1159 3620 intelligitis,
1176 3562 1193 3609 Ι

87 3603 148 3659 wilt
155 3619 235 3676 repeat
250 3615 282 3662 11.
317 3616 369 3664 Cic.
381 3616 433 3663 11.
450 3617 478 3664 de
490 3616 551 3664 Nat.
562 3618 597 3665 D.
606 3633 629 3664 c.
642 3624 664 3665 1.
682 3618 793 3675 Quaeram
803 3636 835 3668 ex
850 3630 873 3670 te
887 3639 924 3678 ea,
937 3639 989 3685 quae
999 3639 1081 3686 parum
1097 3626 1189 3687 accepi.

89 3675 170 3725 wilm
181 3678 199 3726 1
213 3679 243 3727 do
253 3684 295 3728 ast
313 3681 400 3743 clearly
411 3681 572 3743 comprehead.
589 3682 629 3730 Id.
640 3683 657 3730 l.
669 3686 692 3730 l.
705 3683 774 3732 Tasc.
785 3701 806 3731 c.
818 3690 859 3733 45.
876 3686 956 3734 Nemo
970 3703 1052 3750 pamm
1067 3688 1107 3735 diu
1122 3688 1190 3747 vixit,

89 3741 132 3802 qui
143 3739 238 3791 virtutis
248 3744 361 3806 perfectae
369 3746 475 3808 perlecto
486 3745 581 3793 iunctus
591 3755 627 3793 est
636 3762 743 3794 munere.
777 3749 816 3797 Id.
826 3750 842 3798 l.
856 3754 895 3797 10.
907 3750 962 3800 Au.
972 3768 1007 3813 ep.
1021 3757 1058 3801 11.
1075 3753 1138 3801 Vide
1149 3768 1189 3812 ne,

91 3804 149 3852 dum
160 3815 184 3854 te
193 3808 268 3871 pudet
277 3823 360 3871 parum
370 3811 509 3874 optimatem
518 3825 580 3866 esse,
596 3825 678 3874 parum
689 3812 825 3876 diligenter,
834 3814 898 3878 quod
908 3816 1023 3878 optimum
1034 3817 1074 3875 sit,
1082 3818 1166 3882 eligas.

175 3903 183 3914 ”
496 3906 511 3936 “
522 3911 546 3956 3.
564 3909 787 3975 Puram-aliquid.

126 3987 179 4034 Cic.
189 3988 218 4035 de
230 3988 287 4078 Opt.
300 3989 362 4037 Gen.
377 3989 447 4036 Oroi.
455 4005 477 4037 c.
489 3993 512 4037 1.
530 3989 570 4037 De
581 3990 715 4040 hominibus
726 3993 791 4042 dicet
800 3991 900 4056 aliquid,
911 3994 941 4040 de
953 4009 978 4040 re
990 4009 1082 4059 parum.

495 4086 511 4116 '¹
520 4093 546 4143 4.
563 4089 654 4139 Porum
666 4098 710 4149 est,
720 4091 776 4140 aiei.
834 4128 836 4132 .

95 4224 98 4229 .
126 4163 177 4211 Cic.
193 4179 236 4226 pro
248 4164 319 4214 Rata.
330 4165 385 4216 Am.
398 4185 421 4216 c.
434 4172 473 4218 17.
490 4168 579 4217 Parum
596 4172 697 4219 miserim
717 4180 761 4227 est,
779 4171 841 4234 quod
853 4171 906 4220 aliis
922 4175 1003 4231 coluit,
1014 4192 1064 4224 non
1080 4178 1198 4234 sittimis‘x

88 4226 173 4284 etiam,
189 4230 254 4289 quod
273 4231 370 4278 omuino
387 4233 471 4291 coluit,
488 4234 581 4284 crimini
599 4236 696 4292 fuerit„
715 4239 780 4288 Ida
795 4237 870 4288 verr.
884 4243 962 4289 miii.
981 4241 1114 4288 Parumne
1127 4245 1215 4288 mutam

88 4293 257 4342 mercatoribus
278 4303 333 4344 sunt
347 4301 484 4350 necessaria
503 4302 613 4367 pericula
631 4305 760 4356 subeunda
778 4305 903 4354 tertuum?
921 4307 976 4356 nissi
987 4307 1070 4355 eitum
1081 4307 1127 4352 tm
1142 4302 1231 4350 turma-
