2670 4636
113 185 226 261 noun]
252 258 255 268 .
470 187 526 255 DE
558 183 801 248 PARTIGULIS
822 180 880 250 etc.
1176 190 1215 250 35

109 331 1217 464 tlt.ttt¹tt⁰l.ttttf⁰dtt..ltdsl·niddltildldtlttttt

110 465 153 512 tlte
163 464 261 513 discord
276 465 305 523 of
318 463 381 513 tltes‘r
397 465 475 513 rulers
484 477 548 514 ruere
558 465 724 528 equnllysatol
740 468 764 512 to
780 464 846 513 tltoae
863 463 941 512 arbom
959 464 1015 526 they
1028 463 1110 514 lorded
1120 462 1142 512 it
1152 478 1215 512 over.

111 527 234 590 (Primum
244 529 380 592 exemplum
392 536 428 576 est
438 529 560 578 alienum:
578 529 603 576 in
615 529 690 577 altero
707 536 744 576 est
759 530 877 591 anaphora
895 542 944 576 non
957 527 1149 591 elegantissima:
1168 527 1216 576 nisi

109 591 172 640 forte
190 593 262 641 etiam
277 592 419 655 legendum:
442 608 508 657 nque
523 595 582 643 dise.
595 610 622 657 p.
637 598 708 657 utque
718 595 867 644 concordiem
877 608 898 643 a.
910 608 931 644 e.
964 592 1052 657 Itaque
1069 592 1148 641 aliena
1163 593 1214 641 bae

110 656 318 707 observationeula
334 658 364 706 ab
381 658 452 721 hujus
462 658 539 708 libelli
548 658 674 723 consilio.)

390 758 504 822 8.AEqtre
513 772 550 807 ar.
583 758 747 821 AEqneotqtte.
779 757 936 821 AEqueneaa'.

145 835 216 900 Saepe
227 851 282 884 cum
295 852 332 892 ar,
348 836 384 885 vel
396 841 475 900 ulqsse,
492 835 505 862 ⁰
515 838 555 886 vel
564 853 592 887 uc
601 837 624 886 si
636 837 753 901 jungitur.
790 838 842 886 Cic.
859 839 888 887 de
897 836 978 886 Amic.
989 853 1012 885 c.
1025 842 1050 886 o.
1072 835 1133 894 Quia
1149 843 1215 884 esset

111 907 194 948 tantus
204 901 296 950 fructus
305 902 332 950 in
340 902 458 965 prosperis
469 901 548 956 rebus,
557 901 606 949 nisi
616 903 724 959 haberes,
734 901 775 966 qui
785 901 835 950 illis
844 916 920 965 esque,
933 916 960 951 ao
972 911 998 949 tn
1008 903 1068 966 ipse,
1081 900 1211 964 gauderet?
1272 943 1276 949 ,

116 963 129 988 ⁸
141 966 183 1014 14.
193 966 210 1013 l.
222 970 247 1016 0.
259 966 314 1016 Ast.
326 982 361 1030 ep.
372 969 413 1015 15.
425 965 477 1013 etl.
489 970 514 1015 2.
525 965 641 1030 Fam-ep.
653 970 678 1016 2.
689 966 743 1014 etl.
755 969 795 1015 11.
806 983 843 1031 ep.
853 972 895 1017 27.

140 1029 202 1079 ‘Cio
213 1030 232 1078 l.
245 1031 466 1093 1515515570.
484 1030 526 1078 Me
544 1029 602 1078 colit
617 1038 644 1078 et
658 1031 768 1079 observat
778 1030 876 1079 Curtius
886 1029 990 1080 Mithres
999 1045 1076 1094 nque,
1084 1038 1156 1094 atque
1168 1045 1212 1095 pa·

110 1101 295 1143 nonnmsnum.
320 1095 335 1125 ⁴
346 1095 400 1144 Ter.
412 1096 510 1144 Pbomn.
518 1098 543 1143 4.
556 1098 579 1142 1.
592 1094 696 1159 Cis.pro
708 1095 848 1145 11555155.
866 1095 905 1144 14.
917 1095 933 1142 Ι.
945 1101 970 1144 0.
983 1097 1182 1158 an.ep.15.et
1195 1096 1212 1144 Ι.

112 1162 153 1208 15.
165 1175 202 1222 ep.
211 1163 252 1208 44.
266 1159 361 1222 Egnatii
371 1173 419 1206 rem
429 1166 457 1207 ut
466 1167 556 1215 tueare,
570 1165 691 1221 aeqneate
700 1167 766 1222 peto,
777 1174 805 1207 ac
816 1161 835 1206 si
847 1175 898 1207 mea
909 1159 1008 1222 negotia
1017 1166 1108 1208 essent.
1129 1161 1212 1224 Nepos

110 1223 136 1270 in
145 1225 248 1273 Eumen.
257 1239 280 1272 c.
290 1230 314 1273 5.
338 1223 459 1272 Eumenes
466 1223 579 1286 jumenta
589 1237 657 1287 aeque
667 1223 779 1272 nitidaex
788 1224 887 1273 castello
897 1224 988 1279 eduxit,
1000 1239 1027 1274 ao
1038 1225 1060 1272 si
1074 1225 1099 1271 in
1114 1239 1211 1289 campe·

110 1289 200 1399 qtn'bus
210 1303 239 1336 ac
250 1289 367 1354 pluuisse
376 1288 436 1337 loois
446 1287 576 1338 habuisset.
596 1288 653 1337 Lis.
666 1287 683 1336 l.
695 1291 734 1355 10.
746 1304 769 1336 c.
781 1294 805 1338 7.
817 1296 842 1337 st
850 1289 868 1336 l.
879 1292 921 1338 44.
929 1304 951 1357 o.
962 1292 1004 1338 22.
1023 1290 1117 1339 Colum.
1129 1290 1162 1338 R.
1176 1288 1210 1338 R.

120 1385 127 1399 .
138 1358 165 1402 9.
175 1368 198 1401 c.
209 1359 235 1402 5.
510 1383 516 1390 -

501 1455 527 1502 4.
543 1451 622 1516 AEque
632 1457 664 1503 et.
698 1452 776 1517 AEque
783 1458 819 1503 51.

143 1529 269 1581 Interdum
283 1548 338 1582 curn
353 1538 378 1583 et
393 1535 434 1581 vel
450 1539 487 1584 ut.
523 1533 576 1582 cie.
586 1533 604 1580 l.
613 1538 639 1583 2.
660 1533 817 1582 11115526.
838 1531 974 1596 Xenophon
991 1530 1095 1588 dicebat,
1112 1530 1211 1580 eosdem

110 1597 205 1646 labores
218 1612 267 1646 non
284 1613 337 1647 esse
353 1613 421 1662 arque
428 1613 514 1662 graves
520 1597 657 1661 imperatori
665 1604 690 1646 et
696 1597 777 1645 militi.
795 1598 835 1647 14.
847 1598 864 1646 Ι.
874 1602 898 1646 5.
907 1598 937 1646 de
947 1597 1018 1646 orat.
1030 1613 1052 1645 c.
1063 1601 1104 1646 50.
1122 1597 1211 1645 Versus

111 1677 181 1726 aque
189 1663 268 1728 prima
277 1671 302 1711 et
311 1662 391 1711 media
408 1670 433 1711 et
446 1669 551 1712 extrema
561 1677 618 1727 pars
629 1663 770 1710 attenditur.
797 1661 810 1686 ⁸
821 1662 861 1711 14.
876 1677 920 1724 pro
937 1662 1035 1711 Mursa.
1047 1678 1069 1710 c.
1082 1666 1122 1711 1³.
1134 1671 1159 1708 et
1166 1677 1211 1724 pro

111 1727 224 1777 115550.
235 1744 258 1776 c.
270 1732 295 1777 1.
323 1732 354 1776 12
363 1729 471 1792 Ptttipp.
489 1743 512 1776 o.
524 1731 565 1776 12.
590 1728 750 1776 Possumusne
767 1725 840 1788 igitur
857 1727 882 1775 in
896 1723 995 1774 Antonii
1006 1727 1130 1774 latrocinio
1142 1743 1210 1790 aeque

108 1795 173 1848 es'se,
184 1801 213 1841 nt
223 1792 264 1840 hi?
280 1793 322 1842 14.
331 1807 376 1856 pro
391 1793 465 1841 Dum.
476 1808 498 1840 c.
511 1794 561 1840 ll.¹
574 1791 659 1854 Itaque
671 1791 828 1844 libentissime
843 1789 988 1855 praedicabo,
1009 1789 1056 1840 Cn.
1069 1791 1211 1855 Pompeium

109 1858 191 1905 atndio
206 1866 232 1905 et
242 1857 384 1906 auctoritate
400 1873 468 1922 reque
485 1864 512 1906 ut
527 1871 721 1920 unumquemque
738 1863 840 1904 vestrum
856 1872 900 1920 pro
919 1856 995 1903 salute
1013 1871 1066 1903 men
1084 1855 1211 1904 laborasse.

110 1919 230 1972 ‘Plinius
245 1922 263 1970 l.
275 1926 344 1987 Lep.
352 1926 393 1973 20.
1097 1920 1099 1932 '

448 2020 460 2046 ‘
472 2027 496 2072 5.
507 2024 585 2086 AEque
594 2037 648 2071 eam
662 2020 806 2070 rarissimum
822 2027 867 2069 eat.

140 2101 222 2164 AEqtoe
231 2099 349 2150 interdum
360 2101 499 2166 adjungitur
512 2102 676 2166 prepositioni
684 2118 746 2151 rum.
780 2103 865 2151 Plnut.
876 2101 948 2151 Atin-
960 2106 985 2151 2.
996 2105 1021 2150 2.
1042 2100 1158 2149 Animum
1167 2099 1210 2150 ad-

110 2171 186 2223 verte,
197 2173 227 2214 nt
237 2177 305 2230 saque
316 2182 408 2215 mecum
419 2168 470 2216 bac
482 2167 551 2216 scias.
575 2168 671 2216 Terent.
682 2167 784 2217 Pborm.
795 2172 820 2215 5.
831 2171 857 2215 9.
874 2165 940 2215 Nori
950 2181 1019 2230 nque
1029 2169 1110 2215 omnia
1119 2174 1209 2215 tecum.

193 2328 196 2332 .
295 2321 298 2327 2
372 2279 439 2329 ⁰⁸6.
450 2282 631 2345 AEqtte-qunm
644 2296 693 2329 non
706 2272 746 2328 est
756 2277 842 2343 optimi
859 2277 932 2326 reri.3

140 2360 176 2409 D.
184 2360 214 2409 P.
228 2362 485 2424 AEqaenonnunqnam
491 2360 603 2409 adsciscit
610 2360 656 2409 sibi
664 2377 742 2424 qnam.
760 2361 859 2409 Sueten.
874 2360 1042 2411 01454.ο.25.
1060 2361 1129 2410 Nihil
1141 2377 1209 2426 teque
1240 2406 1242 2410 .

110 2441 182 2490 quam
190 2425 296 2482 timidus,
306 2439 334 2474 ac
343 2425 452 2473 diffidens
461 2425 517 2474 fuit.
535 2425 609 2473 Plura
621 2427 701 2474 Hodr.
715 2427 789 2474 Gerd.
818 2423 830 2448 ⁸
841 2425 929 2474 Livius
940 2425 958 2472 l.
966 2431 990 2474 5.
1002 2441 1024 2474 c.
1035 2429 1060 2474 0.
1072 2427 1090 2474 l.
1101 2430 1142 2476 81.
1153 2443 1176 2474 c.
1187 2431 1210 2475 1.

111 2491 179 2571 1528.
192 2505 215 2540 c.
227 2494 269 2540 26.
304 2491 428 2540 Columell.
438 2490 456 2538 l.
466 2497 492 2537 et
502 2506 525 2538 e.
536 2497 561 2540 5.
572 2491 590 2536 1.
603 2493 625 2537 l.
638 2494 701 2554 c.lt)
712 2492 737 2538 et
746 2493 786 2539 17.

514 2603 547 2629 '⁸'
559 2608 583 2655 7.
600 2605 680 2668 AEque
689 2602 803 2653 abundat.

142 2686 224 2748 AEqata
233 2683 358 2740 abundare
367 2684 462 2733 videtur
471 2684 497 2733 in
506 2684 549 2732 illo
560 2685 645 2734 Pleut.
659 2686 730 2748 Cepi.
740 2689 764 2733 3.
774 2690 798 2733 5.
819 2684 873 2732 Nec
882 2683 1009 2748 quisquam
1019 2691 1057 2733 est
1067 2685 1126 2734 mibi
1138 2701 1211 2745 nnnc,
1256 2707 1259 2710 >

111 2762 179 2813 aque
189 2749 326 2798 meliuscui
335 2751 417 2798 velim.
435 2749 524 2800 Rivius
533 2751 564 2798 ad
578 2750 673 2798 Terent.
683 2767 709 2812 p.
721 2753 762 2799 45.
772 2748 819 2796 nisi
829 2764 884 2797 cum
897 2749 1049 2798 Tuulmaaao
1058 2750 1133 2807 dicas,
1146 2766 1210 2799 rom-

109 2812 246 2878 parativnm
253 2814 288 2862 ibi
296 2815 349 2862 loco
354 2814 451 2878 positivi
458 2815 524 2876 poni.
553 2813 649 2877 (Possis
659 2815 730 2862 etiam
737 2815 766 2860 54
775 2815 874 2860 verbum
882 2815 952 2862 eelim
962 2812 1047 2862 referre
1057 2830 1064 2872 3
1074 2815 1139 2865 tltere
1148 2817 1170 2864 ia
1180 2830 1211 2864 55
1310 2818 1313 2821 ’

109 2894 159 2935 nae,
170 2879 392 2943 aabnujortuaeal
396 2893 435 2929 aar
441 2894 467 2928 so
475 2880 582 2930 desimus
589 2879 619 2938 qf
620 2879 702 2940 sesing
707 2878 850 2941 improved.)

428 2983 473 3017 ⁴⁸
482 2997 508 3043 8.
520 2991 659 3056 Aliquando
669 2990 788 3039 omittitur
797 2992 884 3054 AEqrse.

140 3073 229 3124 Plnut.
240 3073 359 3124 timet.
371 3080 396 3123 5.
407 3077 432 3121 5.
451 3072 515 3121 Rem
527 3072 813 3136 15ή4111ς551ετ1551ι11,
825 3087 896 3136 qnam
908 3071 928 3120 ai
938 3073 990 3135 ipse
1001 3073 1068 3121 assit.
1080 3073 1097 3122 i.
1107 3089 1128 3124 e.
1141 3089 1208 3138 arque

109 3137 239 3202 diligenter
247 3153 328 3202 qnam.
361 3137 455 3188 Auster
465 3138 552 3202 Prinp.
574 3137 636 3195 Qua
646 3153 717 3186 succo
728 3145 802 3193 caret,
813 3144 886 3200 atque
896 3149 964 3200 petra
975 3153 1071 3200 pumex.
1082 3154 1133 3202 pro,
1144 3156 1210 3204 oeqsoe

109 3210 188 3267 atque.
225 3203 394 3253 Trasimennus
406 3203 438 3263 ad
458 3202 543 3252 Plorat.
559 3219 584 3266 p.
599 3205 657 3252 747.
675 3202 768 3263 Sealig.
780 3202 810 3248 ad
826 3202 913 3264 Priup.
925 3217 951 3265 p.
963 3206 1020 3252 194.
1055 3204 1159 3253 Salmas.
1177 3207 1209 3252 ad

111 3268 190 3318 115115.
199 3278 227 3333 p.
234 3271 296 3317 254.
307 3267 392 3330 Atque
401 3268 434 3316 alc
445 3267 533 3331 aaepins
543 3282 657 3331 usurpare
667 3268 689 3315 J
690 3269 757 3323 ctos.
770 3266 878 3332 Dilmias
889 3265 969 3315 docet.
1004 3266 1016 3291 “
1031 3267 1079 3316 Sed
1095 3268 1209 3317 Oratores
1300 3298 1302 3303 ·

109 3333 193 3398 optimi
208 3348 330 3398 nonquam
342 3331 462 3380 omittunt.

539 3438 540 3441 ’
563 3431 759 3496 ‘tl-'Peroeqne

122 3570 125 3573 v
137 3515 221 3589 *Eque
231 3512 321 3576 amplus
327 3518 429 3577 augetur
437 3509 556 3576 particula
559 3527 612 3576 per.
647 3513 700 3562 Ciu.
710 3514 727 3560 l.
739 3518 763 3562 2.
772 3510 832 3561 Ati.
843 3527 879 3576 ep.
891 3515 916 3560 8.
929 3509 1001 3560 Curio
1011 3527 1210 3575 perequanmra·

110 3576 158 3641 bat,
174 3593 299 3627 incensam
314 3592 367 3626 esse
381 3576 542 3640 juventutem,
552 3592 632 3640 neque
647 3579 699 3626 bore
717 3577 779 3625 ferre
793 3591 870 3639 posse.
904 3576 1115 3641 1411141519.
1133 3577 1213 3640 Scito„

110 3642 168 3690 nibil
181 3657 286 3706 unquam
297 3642 370 3693 inisse
381 3648 429 3690 tam
441 3657 552 3705 peraequa
564 3643 675 3690 omnibus
687 3641 808 3690 ordinibus
818 3641 943 3698 offensum,
955 3657 1027 3706 quam
1038 3643 1101 3690 bunc
1112 3648 1209 3697 statum,

109 3707 149 3771 qni
158 3723 227 3757 nnnc
238 3716 288 3770 est.
318 3708 383 3756 145
400 3707 469 3758 Ver-r.
481 3723 504 3756 c.
516 3711 558 3756 52.
592 3707 672 3771 Nepos
681 3706 708 3755 in
717 3706 797 3757 Attio.
807 3722 830 3754 c.
842 3709 883 3755 13.

141 3916 232 3965 ³Nam
248 3916 342 3969 etiamsi
357 3915 444 3967 Livius
459 3916 495 3965 ita
514 3916 633 3980 loquitur:
652 3923 734 3965 tamen
752 3932 782 3965 ex
796 3932 826 3980 qa
835 3931 862 3965 re
874 3931 922 3964 non
933 3915 1066 3971 conficitur,
1084 3917 1211 3981 scriptores

110 3981 212 4048 aquales
227 3989 253 4030 et
262 3981 396 4046 superiores
406 3982 440 4030 lta
451 3980 517 4046 lo'qui
528 3980 690 4031 consuevisse.
725 3980 808 4030 Potest
817 3982 880 4029 enim
897 3979 958 4039 fieri,
972 3986 999 4026 nt
1014 3981 1114 4044 scriptor
1125 3981 1212 4046 aliquia

109 4047 172 4096 abel
204 4045 490 4095 antiasarisuirecedat.
522 4045 563 4096 Sia
573 4047 672 4096 Plinius
685 4062 735 4101 nen
751 4053 802 4094 erat
819 4051 945 4094 contentus
961 4043 1100 4106 eloquentia
1109 4047 1156 4101 sni,
1168 4048 1216 4094 sed

110 4112 178 4161 amni
226 4119 264 4160 tur
277 4111 389 4161 cismai
398 4111 415 4160 l.
427 4114 451 4160 1.
462 4111 531 4161 Fam.
543 4126 579 4175 ep·
590 4111 614 4160 5.
631 4111 709 4161 Varro
722 4109 891 4173 antiquitatem
905 4107 1093 4157 consectabatur.
1128 4111 1212 4161 Cicero

110 4176 146 4224 sui
159 4176 276 4226 sermonis
289 4174 442 4239 splendorem
461 4175 516 4240 ipse
536 4175 701 4225 admirabatur.
736 4175 802 4225 tisis·
813 4171 962 4222 Patavinitaa
979 4180 1046 4222 vetus
1062 4173 1149 4222 crimen
1166 4184 1212 4222 est.

111 4241 334 4305 Eque-tanquam
344 4240 417 4295 nolim
425 4241 567 4308 approbare.
588 4239 633 4292 Eat
642 4239 709 4305 apud
719 4239 815 4290 Arbitr.
827 4254 849 4286 c.
858 4241 900 4286 78.
