2670 4636
113 251 212 328 5515]
459 254 514 324 DE
547 253 786 314 PARTIOULIS
799 264 864 315 515.
1147 254 1205 313 535

536 399 582 451 ⁸6.
601 401 781 457 Quia-tamea.

135 477 309 527 ’0151155
322 479 475 528 0151559.
509 480 569 536 0515
587 489 659 543 neget
674 497 734 543 5555
747 496 800 529 esea
818 481 904 530 maturi
921 478 947 528 in
961 479 1006 530 hoc
1024 481 1126 529 oratorio
1138 489 1202 530 motu

108 549 222 604 statuque
241 541 326 591 Roscii
344 553 435 606 gestum
453 560 481 593 ac
498 548 665 594 venustatem?
692 555 770 594 tamen
785 562 855 594 nemo
869 546 968 594 suaserit
985 546 1096 594 studiosis
1107 544 1203 596 dicendi

110 607 303 656 adolescentibus
320 609 346 655 in
363 617 431 672 gestu
448 609 561 658 discendo
579 610 717 657 histrionum
736 626 801 658 mora
818 611 947 661 elaborare.
980 611 1044 669 Quid
1061 620 1099 659 est
1117 614 1205 660 oratori

110 673 337 730 tamnecessarium,
349 688 420 736 quam
429 676 491 721 voxi
506 683 594 731 tamen,
604 668 740 736 incantore,
751 690 821 722 nemo
832 676 928 722 dicendi
939 677 1058 724 studiosus
1068 676 1204 724 Graecorum

109 751 176 784 more
193 738 249 784 voci
263 739 356 785 serviet.
375 740 414 787 Id.
429 740 530 789 01515.
543 743 582 788 15.
599 739 663 795 Quid
675 746 816 802 potestesse
826 748 878 788 tam
888 739 1021 789 diversum?
1038 749 1119 789 151555
1130 748 1168 789 551
1177 741 1203 789 15

109 808 213 865 utroque
223 801 314 866 aliquid
327 803 455 850 excellens.

243 965 247 979 .
392 900 407 929 ³
416 905 440 949 7.
459 902 520 957 0515
528 901 693 963 indignantis:
710 901 781 965 (item
792 901 935 965 irridentis.)

145 981 199 1029 Cic.
211 981 260 1029 1.1.
271 984 299 1030 55
316 983 385 1030 Orat.
405 998 427 1031 c.
438 987 479 1030 23.
493 982 570 1044 51155.
594 983 672 1039 Quem
690 989 716 1029 tu
733 983 791 1030 mihi
809 984 924 1039 Staseam,
940 997 1010 1046 quern
1022 982 1201 1045 peripateticum

108 1046 212 1115 5511551
246 1046 285 1094 15.
298 1047 313 1092 Ι.
324 1050 363 1094 10.
375 1048 430 1095 All.
441 1062 477 1108 ep.
489 1052 529 1095 15.
549 1047 611 1096 Viris
622 1047 689 1094 bonis
700 1063 738 1095 me
748 1063 797 1094 non
808 1047 879 1094 nimis
890 1062 986 1095 excuso.
1010 1048 1075 1104 Quas
1085 1063 1127 1094 eos
1139 1049 1203 1094 enim

108 1110 279 1158 coeuastscere
297 1119 323 1157 et
341 1110 405 1158 obire
422 1110 515 1174 scripsit
531 1111 561 1158 ad
574 1127 611 1159 me
631 1113 741 1160 Sestius?
758 1128 828 1176 quam
845 1113 937 1159 lautas?
953 1116 1026 1174 55515
1033 1113 1203 1177 tempestivas?

109 1175 150 1223 Id.
163 1176 181 1223 1.
191 1180 215 1224 9.
226 1176 337 1238 115515.
348 1179 388 1223 16.
405 1176 483 1232 Quem
494 1187 519 1223 tu
531 1177 589 1224 ruihi
599 1177 767 1240 tyrotarichum
776 1183 820 1226 etc.
828 1177 930 1224 'ammei

431 1272 443 1297 ³
454 1278 478 1324 8.
498 1277 559 1331 Quia
569 1275 707 1324 admirantis
718 1285 743 1324 et
753 1274 881 1323 laudantis.
963 1260 967 1267 ⁵

143 1354 199 1403 Cic.
210 1354 227 1402 l.
247 1357 270 1403 1.
279 1353 335 1405 Au.
349 1371 385 1418 ep.
397 1359 436 1405 13.
453 1357 520 1413 Quas
530 1372 575 1418 ego
585 1372 686 1419 pugnas,
698 1364 721 1404 et
732 1365 831 1420 quantas
842 1363 932 1419 strages
942 1355 1024 1403 edidi?

408 1454 423 1482 ³
433 1457 457 1502 9.
477 1455 538 1509 Quis
548 1469 590 1518 pro
601 1455 698 1518 quisque
709 1470 754 1502 non
765 1454 914 1501 imitandum.

143 1531 222 1581 Tacit.
232 1532 297 1580 Anu.
315 1534 332 1581 l.
343 1538 368 1582 2.
379 1550 401 1581 5.
412 1538 452 1582 26.
467 1536 480 1598 §
492 1539 515 1583 1.
533 1535 634 1587 Addidit
642 1535 830 1582 munificentiam
837 1535 926 1589 Caesar,
935 1530 1048 1596 quantua'n
1057 1533 1109 1595 quis
1119 1534 1201 1581 damni

106 1597 232 1660 professus
251 1606 310 1653 erat,
331 1599 482 1645 exsolvendo.
516 1600 580 1647 1115.
600 1616 621 1647 5.
633 1605 673 1649 54.
692 1602 705 1664 d
723 1605 748 1650 4.
766 1600 804 1648 15.
815 1601 832 1648 l.
845 1603 870 1647 3.
890 1599 958 1648 Hist-
976 1614 997 1647 c.
1013 1601 1053 1647 58.
1064 1600 1080 1662 ’5
1093 1603 1117 1647 3.
1133 1597 1200 1645 Ami·

105 1676 192 1710 corum
203 1661 254 1725 ejus
264 1671 352 1725 quanto
363 1665 416 1725 quis
426 1663 517 1719 clarior,
528 1666 607 1711 minus
617 1664 686 1712 fidus.

424 1758 436 1783 ³
448 1765 487 1808 10.
505 1762 566 1816 Quia
578 1776 632 1810 cum
643 1761 761 1826 adjectivo
771 1761 881 1824 quodam.

145 1839 199 1888 Cic.
211 1838 416 1890 1155011115.
429 1845 469 1890 12.
480 1849 539 1890 extr.
560 1843 628 1898 0515Ι
636 1844 683 1890 hoc
700 1843 859 1905 Philosophus
877 1850 925 1890 tam
942 1841 1032 1897 mollis,
1045 1849 1093 1889 tam
1105 1840 1200 1904 'langisi-

100 1902 163 1959 555,
176 1912 225 1950 tam
236 1913 370 1960 enervatus,
385 1908 484 1968 probare
499 1909 598 1970 posset?
632 1907 725 1969 111515
740 1908 811 1955 Rosc.
822 1907 878 1956 Am.
888 1923 910 1953 c.
921 1911 945 1954 2.
962 1905 1071 1954 Forsitan
1081 1907 1201 1969 quaeretis,

106 1967 152 2030 qui
169 1969 216 2015 iste
234 1976 309 2017 terror
326 1970 365 2026 sit,
382 1978 408 2018 et
423 1986 476 2032 quae
490 1981 557 2019 tanta
570 1971 687 2019 formido?
722 1972 784 2020 1115.
796 1987 818 2018 5.
829 1976 869 2020 34.
886 1971 924 2019 Il.
936 1987 958 2018 c.
969 1974 1009 2020 46.
1027 1971 1093 2028 0555
1111 1977 1201 2018 sumtus

106 2032 271 2095 quotidianos,
283 2049 341 2096 5555
351 2036 480 2083 effusiones
488 2037 538 2083 lieri
548 2037 637 2099 putatis
647 2038 655 2084 1
691 2034 756 2083 Add.
767 2037 784 2081 l.
796 2040 819 2083 1.
828 2039 857 2084 de
869 2037 930 2084 Not.
941 2037 1045 2084 Deouc.
1056 2038 1095 2084 31.
1118 2035 1133 2064 ³
1141 2035 1200 2083 Huc
1258 2035 1261 2041 ’

104 2097 171 2144 refer
185 2097 246 2145 illud
261 2097 337 2157 eiusd-
352 2115 394 2160 515
412 2102 468 2148 Mil.
487 2105 562 2148 515.
590 2101 714 2158 Quodnam
733 2100 833 2162 concepi
850 2108 943 2148 tautum
960 2101 1056 2148 scelus?
1074 2106 1122 2156 aut,
1135 2101 1199 2162 quod

105 2161 133 2209 in
143 2177 181 2209 me
194 2163 385 2211 tantumfacinus
394 2166 485 2221 admisi,
494 2165 603 2228 judices?
1191 2170 1193 2175 ’
1244 2164 1249 2176 '

440 2261 455 2290 ³
466 2266 505 2311 11.
525 2263 590 2319 Quid
600 2278 642 2326 pro
652 2264 706 2327 5515
715 2266 746 2311 55
756 2263 875 2328 personis.
1031 2307 1034 2314 .

144 2342 317 2404 0155151111.
328 2358 350 2390 5.
361 2346 385 2391 2.
403 2342 467 2399 Quid
477 2344 546 2391 nobis
560 2343 651 2392 duobus
667 2345 806 2393 laboriosius
841 2343 942 2403 udices?
958 2343 1013 2407 quid
1030 2341 1105 2408 magis
1120 2341 1200 2392 solici-

106 2413 168 2461 tum,
180 2408 401 2518 mapuflaxercitum
411 2407 458 2455 dici
468 2416 510 2455 aut
519 2407 576 2472 tingi
584 2411 679 2472 potest?
708 2411 747 2458 Id.
758 2410 774 2456 1.
784 2362 872 2458 militi.
884 2424 920 2470 ep.
931 2411 970 2455 15.
987 2408 1053 2465 Quid
1060 2409 1122 2456 enirn
1131 2409 1199 2457 sumi

107 2471 211 2518 sednon
310 2478 355 2527 ‚ut
365 2479 431 2519 tuum
443 2473 547 2521 animum
557 2489 643 2536 augum
653 2475 766 2538 querelis.
798 2475 863 2522 1112
879 2475 947 2524 Verr.
957 2488 979 2520 c.
988 2476 1029 2522 43.

434 2586 445 2610 ⁰
458 2591 497 2635 12.
510 2587 884 2651 05151551555515555115111.

145 2665 213 2720 Quid
222 2666 382 2730 1551151555
392 2664 445 2730 5511
454 2667 537 2717 homo:
553 2669 610 2731 quid
621 2669 784 2730 555115115515
794 2682 846 2730 quoe
857 2666 948 2723 mulier,
960 2665 1081 2729 eleganter
1092 2666 1201 2717 dicimus.

112 2729 210 2779 Terent.
227 2730 318 2779 Heaut.
334 2737 358 2781 4.
374 2736 399 2781 8.
416 2733 513 2789 Quaeso,
531 2733 589 2796 quid
600 2742 625 2781 tu
636 2732 737 2780 hominis
748 2749 774 2780 55
785 2732 793 2777 ?
811 2733 862 2780 roho
873 2746 914 2780 ure
926 2730 992 2794 you?
1013 2731 1053 2780 Id.
1064 2733 1128 2780 Eun.
1139 2736 1163 2780 3.
1175 2737 1200 2782 4.

110 2793 177 2851 Quid
189 2796 234 2841 hoc
242 2795 362 2843 hominis?
382 2797 424 2858 qui
437 2799 475 2844 hic
486 2798 643 2845 5155155551.>
661 2796 838 2859 Plautaimpit.
846 2800 870 2843 2.
879 2791 903 2842 2.
920 2795 983 2852 Quid
991 2795 1074 2843 sithoc
1084 2796 1199 2844 hominis?

110 2859 193 2907 0152
209 2859 278 2909 Veer.
288 2877 310 2909 c.
321 2866 362 2910 54.
386 2860 512 2924 Exponam
521 2864 590 2910 vohis
608 2861 718 2918 breviter,
735 2861 791 2922 quid
807 2859 909 2907 hominis
925 2860 964 2907 sit.
981 2860 1057 2908 Imili
1073 2861 1137 2908 51515
1153 2876 1199 2923 you

108 2923 137 2971 15
147 2940 162 2971 5
172 2939 230 2987 very
239 2926 292 2984 sem
306 2929 390 2980 worda,
403 2930 468 2975 15151
479 2928 538 2976 1155
548 2928 577 2983 os
583 2941 637 2975 mun
648 2927 677 2974 he
691 2927 722 2975 15.
740 2928 834 2974 Terent.
846 2922 938 2973 Heaut.
955 2923 1003 2971 Sed
1019 2924 1077 2987 quid
1092 2925 1200 2972 mulieris

108 3002 209 3036 uxorem
219 2990 311 3039 hahes?
328 2991 340 3014 ³
347 2990 458 3038 Dicimus
475 2992 546 3038 etiam
556 2993 614 3054 5515
624 2991 749 3040 homiuum.
768 2990 823 3038 Ter.
832 2990 911 3038 Andr.
921 2993 945 3038 4.
957 2993 982 3038 5.
1000 2988 1066 3045 Quid
1076 2990 1152 3037 turbae
1163 2997 1200 3038 est

107 3055 173 3116 apud
185 3054 264 3102 iorum
271 3055 290 3102 ?⁹
297 3055 354 3119 quid
364 3053 414 3102 iilic
426 3056 546 3103 hominum
557 3056 668 3120 litigant?

141 3117 257 3182 Ejusdem
271 3120 364 3182 generis
383 3128 438 3168 sunt
452 3121 509 3168 illa:
529 3122 594 3176 Quid
611 3117 763 3184 5511511515
780 3117 834 3182 quis
847 3118 960 3168 55155151
994 3119 1060 3174 Quid
1080 3119 1133 3168 rei?
1156 3133 1199 3182 pro

106 3197 164 3247 que
180 3191 239 3234 rest
255 3193 280 3232 et
301 3185 348 3232 alia
364 3184 488 3248 ejusmodi.
521 3187 605 3236 Pluut.
620 3188 722 3238 Mercct.
733 3189 757 3234 2.
768 3187 791 3232 3.
814 3184 863 3241 051
880 3185 939 3248 5515,
957 3183 1015 3245 5515
1029 3184 1061 3232 511
1074 3184 1099 3231 ei
1117 3183 1200 3231 animi.

106 3249 209 3298 Terent.
245 3265 286 3298 55.
295 3252 320 3297 4.
331 3255 355 3298 7.
380 3249 1200 3312 0515555515511151511151511551555155515111151

110 3313 205 3363 cael.
234 3315 285 3364 .B.
298 3315 331 3362 G.
346 3331 369 3363 5.
381 3317 422 3363 21.
449 3315 511 3371 Quid
529 3316 566 3363 551
583 3316 676 3364 consilii
692 3316 733 3370 sit,
750 3313 864 3362 ostendit.
888 3313 917 3363 he
930 3313 1029 3373 informs
1042 3315 1106 3364 them
1121 3313 1149 3374 cf
1161 3313 1201 3362 115

106 3379 239 3430 1511111155.
272 3380 366 3430 Terent.
375 3380 453 3429 Andr.
471 3380 536 3438 Quid
547 3382 608 3428 istuc
619 3380 701 3443 gaudii
712 3380 764 3427 est?
1233 3376 1238 3385 '

491 3493 506 3524 ³
519 3497 558 3542 la.
577 3493 642 3548 Quid
651 3507 694 3553 515
704 3497 825 3554 quantum.

103 3565 114 3593 ⁸
144 3571 899 3640 (15515115151155546.05155151515555151151555111
923 3571 982 3634 5515
992 3569 1200 3631 stragulaevestis?

106 3641 169 3706 quid
189 3641 306 3706 pictarum
319 3641 469 3689 tabularum?
497 3639 555 3701 quid
574 3638 709 3700 signorum?
737 3635 795 3698 5515
811 3634 930 3683 marmoris
946 3634 1011 3698 apud
1026 3635 1092 3681 illum
1111 3633 1200 3707 putatis

106 3706 181 3755 esse?
199 3714 291 3754 tantum
302 3706 403 3761 scilicet,
415 3711 527 3768 quantum
539 3721 552 3751 e
563 3703 644 3750 multis
655 3700 832 3765 splendidisque
848 3698 945 3748 familiis
955 3699 1099 3747 coarcervari
1112 3712 1161 3744 una
1174 3713 1201 3745 15

107 3772 282 3835 domopotuit.
315 3772 417 3820 1111.
433 3769 808 3831 511551515115551.
827 3764 1012 3814 et8.V.c.85.
1025 3763 1148 3824 Brut-ep.
1161 3766 1203 3837 11.

102 3838 121 3901 ὁ
140 3901 301 3966 ’1111515551
320 3903 361 3950 sed
370 3899 486 3949 rarissime
502 3905 593 3954 155555,
609 3913 653 3961 515
664 3901 766 3960 5555155
777 3894 882 3960 ponitur.
914 3893 1014 3942 Sueten.
1027 3892 1118 3939 Coesur.
1128 3906 1151 3966 5.
1161 3894 1201 3940 44.

106 3965 192 4018 &aar
200 3966 345 4025 destinabat,
354 3966 512 4017 bibliothecae
522 3963 619 4012 Graecas
631 3971 655 4011 et
665 3963 840 4025 1511555555
850 3958 961 4009 maximas
970 3962 1062 4020 posset,
1073 3955 1211 4019 pnbhcare.

491 4080 506 4108 ³
518 4083 558 4128 14.
576 4078 642 4133 Quid
657 4079 706 4126 itu?
721 4077 828 4142 1515551

143 4166 212 4224 Quid
223 4165 259 4213 itu
269 4178 313 4228 pro
323 4164 442 4227 quomedo.
476 4160 570 4209 Terent.
582 4160 691 4209 Ε55551.
703 4164 726 4209 5.
737 4163 762 4206 5.
778 4156 842 4214 Quid
852 4155 902 4204 ita?
920 4162 961 4204 aut
970 4152 1028 4216 quid
1042 4152 1130 4200 tactum
1148 4154 1200 4201 est?

104 4234 179 4282 cedo.
196 4231 251 4294 1515
269 4226 383 4283 1111515
400 4225 445 4276 soi
472 4225 506 4273 Et
514 4240 570 4273 mox
579 4240 603 4271 v.
617 4229 656 4274 11.
673 4217 1219 4284 055555551555155151555551511115.
1310 4253 1316 4260 .

105 4297 177 4361 Quid
188 4296 224 4345 ita
236 4295 344 4343 mutum?
358 4294 408 4342 end
417 4293 471 4356 why
481 4306 507 4340 so
518 4295 669 4350 1555155551
