2670 4636
134 294 197 355 430
365 305 368 313 ·
444 289 629 361 ,1101111311
655 289 897 352 tunsarum
1111 297 1240 374 [resur

135 434 224 498 Peni3
240 451 297 552 quc,
311 435 378 487 velut
393 435 518 502 si'paritar
527 445 641 502 umorque
650 452 731 486 murus
741 438 846 495 terissea
862 438 897 486 its
909 437 1022 504 utrinque
1031 437 1240 504 inpuqnsmpro·

136 516 230 552 cursura
241 518 270 551 aa

436 615 452 645 ⁹
463 618 488 664 7.
509 616 675 667 Velut-ltcud
684 631 750 666 secus
759 615 881 680 poeticum
890 621 937 664 est.

169 699 296 748 Clondico.
316 698 499 760 Gigantamuclr.
513 701 585 746 atil.
603 696 640 745 Ac
659 698 726 759 velut
743 698 838 745 hostilis
855 713 909 746 cum
926 698 1039 746 muthius
1053 698 1142 746 terruit
1157 697 1237 752 nrbes,

136 762 248 826 Undique
273 771 414 811 concurrunt
437 777 517 810 arcem
537 761 666 810 defendero
683 763 760 811 cives:
787 761 858 811 Haud
879 777 951 812 secus
968 763 1105 829 omnigenis
1124 762 1235 814 coeuntia

134 828 232 877 nomina
241 827 334 886 turmis,
346 827 387 891 Ad
398 827 484 890 patrias
494 842 582 876 venere
592 828 685 874 dumne.

513 1003 640 1069 (cneur
667 1003 841 1054 ccnrxvrr.

481 1136 531 1196 De
546 1135 706 1196 Particuln
726 1137 870 1196 Versus.

163 1268 210 1332 §L
228 1271 251 1314 l.
268 1266 371 1316 Versus
390 1265 465 1313 babet
476 1263 673 1327 significationem
689 1273 777 1324 motus,
796 1266 934 1315 directionis
952 1267 978 1314 in
997 1267 1105 1330 aliquam
1121 1275 1228 1331 partem:

130 1332 197 1398 cujus
206 1331 299 1395 generis
313 1331 423 1392 exempla
432 1329 508 1377 ubivis
518 1337 574 1379 eunt
585 1331 663 1380 obvia.

163 1401 188 1446 2.
204 1396 254 1445 Sed
261 1397 304 1443 illa
319 1396 381 1442 ratio
397 1395 544 1442 observanda
557 1404 603 1452 est,
615 1412 670 1445 cum
682 1397 791 1461 jungitur
808 1394 1013 1459 praepositionis,
1030 1404 1057 1444 ut
1067 1396 1094 1444 in
1105 1396 1144 1444 hie
1153 1414 1160 1443 r
1170 1390 1229 1448 'Cia

129 1463 146 1511 l.
156 1467 181 1512 4.
193 1463 262 1512 Fam.
272 1477 308 1524 cp.
319 1464 358 1509 21.
382 1459 412 1506 In
431 1460 526 1507 Italiam
538 1476 629 1509 versus.
663 1463 702 1510 Id.
714 1464 774 1511 Lael.
786 1477 808 1508 c.
820 1465 860 1511 25.
887 1460 918 1507 In
938 1461 1015 1508 lorum
1033 1477 1127 1509 versus.
1142 1462 1184 1510 nbi
1206 1481 1228 1510 r.

130 1528 287 1589 C.I.cngiut.
307 1525 362 1572 add.
379 1527 476 1573 liunut.
493 1525 525 1571 ud
539 1526 590 1573 Cic.
602 1526 618 1574 l.
628 1530 653 1574 8.
673 1528 742 1576 Fam.
759 1530 846 1588 enlt.
862 1524 911 1572 Sed
931 1526 1011 1575 cautio
1032 1527 1183 1584 adhibenda,
1198 1542 1227 1576 ne

128 1595 191 1641 lianc
200 1593 300 1640 formam
310 1599 443 1719 qu3rumus
452 1591 479 1638 in
496 1590 527 1637 iia
541 1591 611 1647 locis,
621 1591 662 1639 ubi
678 1607 759 1642 meus
775 1599 811 1640 est
825 1590 985 1655 participium.
1018 1591 1186 1643 viduaret.
1199 1592 1227 1640 ad

125 1657 184 1708 «uve
194 1657 212 1706 ie
221 1659 262 1706 ⁸80
272 1672 295 1704 cs
304 1660 344 1704 διο

508 1851 620 1902 CAPUT
645 1851 830 1902 cccxxvnl.

286 1979 492 2042 DeAdacriio
506 1990 535 2042 ct
551 1947 764 2063 Conjunctione
778 1982 869 2041 Vnno
883 1989 911 2042 et
925 1981 1063 2042 Vanurr.

156 2109 202 2176 §L
219 2110 235 2140 ⁴
246 2115 271 2159 1.
292 2109 353 2160 Vero
363 2125 405 2174 pro
415 2115 487 2167 recte,
498 2118 568 2167 certe,
579 2111 709 2159 affirmandi
726 2118 752 2159 et
769 2109 919 2159 concedendi
932 2125 1013 2168 sensu,
1025 2110 1050 2157 in
1061 2112 1223 2175 responsioni·

124 2176 183 2236 bus3
210 2174 342 2238 etquidem
357 2175 394 2222 rel
402 2175 547 2239 preponitur
562 2176 712 2240 responsioni
722 2177 761 2224 vol
771 2177 937 2240 interponitur.

157 2258 209 2306 cu.
224 2257 242 2304 l.
253 2261 277 2306 2.
291 2256 359 2305 llaec.
376 2271 399 2302 c.
414 2259 453 2303 11.
470 2256 544 2303 Fuisti
555 2272 627 2320 saepe,
646 2258 725 2320 credo,
741 2273 796 2304 cum
807 2254 911 2304 Albanis
921 2271 994 2313 essee,
1007 2255 1035 2303 in
1045 2257 1136 2306 scholis
1146 2257 1223 2320 philo·

121 2323 258 2387 sophorum.
289 2320 323 2367 A.
339 2320 564 2376 Ver0,oclibenter
575 2321 681 2385 quidem.
714 2323 753 2370 id.
765 2322 791 2368 in
801 2323 876 2371 Ban.
886 2338 908 2371 c.
920 2325 960 2370 87.
977 2321 1025 2369 Sed
1035 2328 1072 2384 tu,
1086 2321 1174 2386 inquit,
1184 2337 1222 2371 me

120 2387 225 2443 intuens,
239 2384 432 2433 orationesnobis
441 2394 534 2434 veaures
545 2386 692 2449 explicabis?
715 2387 789 2442 Vero,
800 2386 907 2451 inquam,
916 2387 991 2434 Brute
1002 2402 1008 2432 r
1022 2389 1065 2435 sed
1079 2387 1107 2434 in
1115 2388 1222 2436 Cumano

120 2452 257 2517 aliquando,
277 2448 382 2497 simodo
401 2449 536 2499 licebitoet.
562 2450 886 2501 intramuranis.
910 2450 996 2498 Puella
1010 2449 1142 2513 defatigata
1152 2452 1221 2515 petiit

119 2533 135 2565 a
144 2525 286 2578 matertera..
294 2523 321 2562 ut
330 2515 376 2562 eibi
386 2515 528 2562 concederet
538 2516 668 2578 paulisper,
680 2525 706 2562 ut
718 2517 741 2562 in
753 2513 806 2578 ejus
817 2517 877 2563 sella
885 2518 1051 2578 requiesceret.
1084 2516 1132 2564 Illa
1142 2525 1219 2564 autem

119 2581 188 2639 dixit,
207 2597 273 2637 vero,
287 2596 341 2628 mea
355 2580 442 2641 puella,
454 2580 498 2627 tibi
511 2581 617 2628 concedo
627 2596 692 2628 meas
704 2582 781 2628 aedes.
814 2581 854 2630 Id.
870 2581 886 2628 l.
905 2583 945 2629 lt.
961 2581 1032 2629 Fam.
1042 2597 1078 2643 cp.
1088 2587 1114 2630 2.
1131 2583 1184 2630 etl.
1195 2587 1219 2630 3.

118 2647 149 2698 fle
170 2647 221 2711 Off.
239 2645 328 2693 Nonne
342 2644 414 2706 igitur
431 2646 536 2708 sapiens,
556 2647 576 2692 si
595 2645 659 2692 fame
678 2647 727 2709 ipse
746 2645 892 2707 conficiatur,
909 2644 1036 2693 abstulerit
1051 2646 1133 2694 cibum
1151 2647 1219 2694 alteri

118 2713 209 2761 homini
221 2710 348 2758 adnullant
362 2725 410 2756 reni
423 2711 494 2757 utilit
510 2711 607 2758 minime
619 2726 679 2758 vero.
712 2712 750 2758 ld.
762 2712 778 2756 l.
791 2715 814 2758 3.
826 2711 893 2759 Fam.
902 2726 938 2773 cp.
951 2714 990 2758 12.
1017 2710 1066 2771 Ego
1080 2727 1137 2759 vero
1147 2712 1219 2758 velte·

118 2785 212 2825 menter
222 2775 326 2838 gratulor
336 2775 366 2821 de
378 2774 471 2836 judicio
483 2775 593 2822 ambitus.
625 2777 661 2824 Et
668 2777 738 2837 paulo
747 2780 816 2836 riost:
832 2775 883 2836 Ego
894 2791 950 2822 vero
960 2774 1037 2822 avelini
1053 2775 1113 2822 mibi
1123 2776 1217 2823 Tullie-

118 2858 166 2904 que
176 2856 236 2888 meae
253 2854 365 2903 prospere
380 2840 474 2887 evenire
483 2855 519 2896 ea,
540 2855 601 2902 quae,
620 2855 659 2887 me
669 2840 795 2894 insciente,
811 2840 874 2888 lacta
890 2848 946 2887 sunt
961 2841 1061 2896 amois„
1086 2839 1167 2888 ‘ndu
1178 2842 1217 2889 ru.

118 2910 133 2954 ὅ
146 2907 237 2957 Purad.
249 2921 271 2954 c.
281 2905 308 2954 2.
325 2903 395 2964 (add.
405 2920 448 2966 pro
464 2905 562 2953 Murco.
580 2920 601 2953 c.
613 2909 653 2954 31.
669 2905 700 2952 In
710 2905 831 2952 sententia
845 2912 990 2968 permanete.
1009 2905 1090 2954 Vero:
1107 2906 1218 2954 nielson·

118 2972 217 3019 lentiam
229 2970 277 3017 alia
287 2969 372 3027 vicerit
383 2968 487 3033 melior.)

476 3081 516 3145 (2.
537 3081 597 3132 Vero
608 3096 724 3145 provere,
734 3081 791 3142 jure
801 3089 849 3130 etc.

148 3162 243 3211 Dicitur
251 3168 332 3209 tamen
346 3176 401 3210 uero
411 3160 482 3208 etiam
495 3176 536 3223 pro
547 3177 609 3217 uere,
624 3177 655 3210 cu
665 3162 797 3222 uernjurc·
817 3162 868 3211 Cic.
877 3163 896 3209 l.
907 3165 930 3210 1.
940 3163 969 3210 dc
991 3161 1050 3222 teg.
1062 3178 1084 3211 c.
1094 3166 1135 3211 23.
1151 3163 1215 3211 Vero

115 3229 175 3278 iacis
193 3242 223 3274 sc
240 3226 334 3274 merito.
368 3226 424 3274 Lio.
435 3227 452 3273 l.
465 3229 503 3275 1⁰.
520 3242 542 3273 c.
559 3229 599 3274 23.
616 3227 680 3275 Vero
699 3227 848 3288 gloriabatur.
866 3227 898 3276 V·
912 3227 1010 3276 Curtius
1026 3228 1059 3276 ad
1076 3229 1140 3278 Scit
1158 3231 1216 3277 Col.

114 3310 139 3343 c.
150 3297 191 3340 38.
208 3292 332 3341 Drnltenb·
342 3289 373 3337 ad
384 3291 441 3338 Lio.
452 3291 469 3336 l.
481 3306 503 3337 c.
513 3298 539 3337 et
549 3292 579 3338 ad
591 3292 608 3337 l.
617 3294 657 3339 40.
668 3303 690 3338 c.
701 3297 725 3341 9.

148 3357 248 3404 ‘Etiam
258 3363 326 3403 extra
339 3354 516 3416 responsionem
526 3369 568 3416 pro
587 3361 658 3411 certe,
667 3371 724 3405 anne
737 3356 841 3419 ponitur.
852 3357 904 3405 Cic.
921 3358 939 3405 1.
950 3360 975 3404 3.
985 3359 1014 3406 dc
1033 3358 1086 3422 Off.
1104 3374 1127 3406 c.
1144 3362 1169 3406 1.
1183 3358 1213 3405 P.

114 3422 251 3486 Scipionem
271 3421 351 3468 dicere
367 3419 463 3467 solitum
475 3420 570 3482 scripsit
585 3421 655 3477 Cato,
670 3436 793 3484 nunquam
809 3438 836 3469 se
853 3422 933 3469 minus
943 3421 1048 3469 otiosum
1063 3439 1126 3479 esse,
1141 3438 1212 3486 quam

114 3502 167 3536 curn
179 3487 270 3535 otiosus
285 3490 358 3532 esset.
376 3484 505 3547 Magnifica
524 3499 581 3532 vero
591 3500 637 3532 vox
648 3492 672 3533 et
688 3501 774 3549 magno
784 3487 836 3534 viro
847 3486 927 3548 digna.
944 3487 984 3534 id.
1001 3489 1031 3536 de
1041 3489 1139 3536 Senect.
1154 3492 1211 3536 c.9.

112 3553 177 3601 Milo
192 3550 312 3615 aspexisse
331 3550 430 3596 lacertos
451 3564 506 3597 suos
524 3550 611 3597 dicitur
626 3551 825 3614 illacrymansque
847 3550 943 3607 dixisse,
961 3557 987 3598 at
1003 3551 1030 3598 hi
1049 3551 1149 3614 quidem
1163 3553 1212 3617 jam

113 3618 201 3667 mortui
211 3624 274 3664 sunt.
305 3614 329 3661 N
331 3629 362 3662 on
372 3621 486 3662 eurotam
498 3615 547 3679 isti,
557 3630 627 3679 quam
638 3616 693 3679 ipse
704 3617 828 3680 nugator.)

460 3730 520 3825 §iL
552 3761 592 3809 De
603 3761 769 3828 conjunctione
781 3761 864 3810 Vnao.

142 3845 175 3876 *¹
186 3849 211 3894 1.
226 3843 261 3891 1).
279 3842 358 3891 Servii
375 3841 430 3890 haec
452 3841 597 3907 conjunctio,
615 3851 642 3891 ut
662 3843 800 3891 omittamus
817 3843 943 3906 vulgarem
965 3842 1018 3907 ejne
1038 3858 1117 3900 usum,
1138 3842 1212 3900 etiarn

111 3911 206 3959 Ironiae.
236 3909 305 3969 Virg.
316 3908 333 3954 l.
342 3913 367 3957 4.
376 3909 433 3956 AEn.
444 3924 469 3954 v.
480 3914 520 3956 93.
536 3907 662 3971 Egregium
672 3925 727 3956 vero
739 3909 833 3956 laudem
844 3918 868 3956 et
877 3908 955 3971 spolia
965 3908 1045 3971 ampla
1054 3908 1166 3957 refertis!

143 3974 174 4004 ⁶*
185 3977 209 4020 2.
227 3971 261 4020 D.
272 3973 301 4020 P.
326 3972 356 4019 In
377 3972 500 4035 principiis
516 3974 670 4036 epistolarum
686 3973 846 4034 responsionis
865 3973 979 4020 indicium
996 3980 1043 4020 eat.
1080 3975 1132 4023 Cic.
1153 3975 1171 4021 l.
1186 3979 1211 4024 4.

110 4040 180 4090 Fam.
191 4053 228 4101 ep.
239 4041 264 4085 li.
289 4037 342 4099 Ego
353 4051 417 4095 vero,
429 4037 505 4095 Servi,
515 4039 611 4096 vellem,
622 4046 651 4087 ut
659 4039 750 4096 scribis,
761 4039 786 4086 in
797 4051 852 4085 meo
861 4036 1000 4100 gravissimo
1007 4053 1064 4086 casu
1075 4039 1214 4087 affuisses.²

141 4266 152 4296 ²
168 4259 286 4308 Fortassis
294 4260 340 4307 lioc
355 4262 492 4324 exemplum
506 4278 534 4308 ex
549 4261 796 4323 eodeclararipoteat‚
805 4263 869 4325 quod
879 4261 949 4311 initio
965 4261 1037 4325 hujus
1047 4261 1136 4327 capitis
1151 4262 1210 4312 diri.

107 4327 165 4378 Nun
176 4323 242 4375 enim
251 4325 370 4373 adversari
379 4324 481 4384 videtur,
491 4326 626 4390 conjunctio
636 4335 715 4375 autern
726 4325 870 4377 adversatur.
