2670 4636
112 279 288 356 sunrcrrsr]
463 277 519 338 DE
548 275 788 338 promentis
809 288 867 340 etc.
1110 332 1112 336 .
1146 278 1205 338 393

537 426 553 457 ’
563 431 588 482 4.
605 426 789 476 Post-statim.

146 506 245 558 Sueten.
262 507 343 558 Viam.
359 521 382 556 c.
398 508 438 557 14.
455 503 614 557 Eracerhatue
621 506 734 556 Vitellius
744 513 804 570 erat,
813 506 878 569 quod
887 511 943 570 post
951 506 1056 555 edictum
1067 521 1145 563 sunm,
1156 522 1206 570 quo

103 571 207 636 jubebat
225 573 289 621 intra
304 572 416 622 Kalend.
431 571 548 623 Octobris·
562 573 620 622 urbe
638 571 756 634 Italiaque
774 570 938 622 mathematici
954 573 1106 636 excederent,
1124 573 1205 622 statim

108 636 209 691 libellus
218 645 256 687 cst
264 638 399 707 propositus
407 643 454 688 cet.

509 732 558 782 *a
578 732 632 789 Quo
647 733 808 789 dic—statim.

139 815 228 928 {ipsi
243 814 311 864 Vcrr.
321 829 344 865 c.
353 818 379 864 7.
410 813 464 871 Quo
481 812 520 863 die
537 812 643 862 Siciliam
661 813 749 877 tetigit,
767 813 845 862 statim
865 814 976 863 Messana
997 816 1077 865 literas
1091 814 1206 867 Halesum

112 894 147 928 ,m
190 912 197 929 ο
545 898 547 902 ⁴

353 974 366 1000 ⁸
374 981 399 1026 6.
415 974 508 1028 Statim
517 982 572 1041 post
583 976 643 1026 duos
652 975 767 1025 ablativos
776 976 962 1041 consequentia.

150 1056 204 1105 ctc.
212 1053 229 1104 l.
239 1059 264 1105 2.
274 1057 303 1106 de
316 1057 386 1106 Orat.
395 1072 418 1107 c.
430 1060 472 1106 00.
493 1055 530 1104 Eo
548 1062 683 1119 prospecto,
703 1055 782 1104 statim
800 1056 905 1104 occurrit
920 1056 1024 1104 naouali
1034 1057 1138 1120 quodam
1152 1074 1208 1123 pru·

107 1120 208 1185 dantia,
215 1121 274 1184 quid
281 1121 353 1170 iaciat
363 1135 467 1171 causam.
484 1121 524 1170 Id.
533 1123 563 1171 dc
573 1121 668 1170 laneat.
677 1121 700 1169 l.
707 1123 730 1168 l.
740 1136 762 1168 c.
772 1123 822 1169 11:
830 1118 1009 1173 Constitutione
1020 1137 1096 1172 causa
1105 1131 1209 1185 reperta,

112 1185 197 1234 statim
204 1186 286 1250 placet
299 1186 460 1260 considerare,
473 1192 552 1235 utrum
563 1200 636 1234 crosa
643 1184 675 1233 sit
684 1183 793 1248 simplex,
803 1199 834 1232 an
845 1185 981 1247 conjuncta.
1007 1187 1048 1236 Id.
1055 1202 1100 1250 pro
1112 1188 1209 1239 cluent.

111 1251 138 1299 'c.
156 1253 198 1301 28.
216 1250 382 1299 condemnato
393 1250 536 1314 Oppianico,
550 1250 630 1299 statim
647 1248 760 1307 Quintius
773 1250 876 1298 oblatam
893 1249 941 1298 eibi
954 1251 1093 1301 facultatem
1107 1253 1212 1317 putarit,

114 1321 144 1362 ut
154 1330 185 1365 ex
194 1315 287 1365 invidia
297 1315 420 1364 Senatorio
428 1321 511 1379 posset
520 1329 637 1364 crescere.
652 1313 719 1363 Add.
730 1314 827 1364 Patras.
839 1315 855 1362 l.
864 1319 888 1364 3.
896 1315 934 1363 tit.
944 1318 984 1364 17.

209 1442 212 1447 ·
292 1430 295 1437 “
327 1430 330 1437 ’
360 1431 362 1436 “
394 1427 459 1480 '·⁷.
476 1429 691 1480 Statim-deinde.
709 1428 931 1492 Statim-postca..

143 1510 230 1572 ¹Pascit.
239 1511 258 1561 l.
267 1514 348 1570 §.oi
359 1516 384 1559 et
392 1517 418 1562 4.
448 1507 504 1559 Hoc
521 1509 624 1574 pretium
644 1506 726 1558 Gallio
747 1508 867 1556 meditata
888 1507 1031 1559 adolationis
1043 1510 1114 1576 tulit,
1132 1513 1213 1577 statim

115 1576 194 1633 cruia,
214 1577 303 1626 deinde
322 1574 393 1624 Italia
411 1580 518 1623 exactus.
549 1575 648 1625 Seston.
659 1573 766 1634 August.
779 1589 802 1623 c.
814 1576 855 1622 ol.
871 1572 926 1622 Nec
938 1574 1067 1639 quicquam
1085 1577 1156 1642 rutra,
1171 1589 1221 1629 auo

115 1640 207 1697 statim,
216 1648 259 1690 aut
273 1647 358 1705 postea
371 1639 502 1707 iuquisirit.
535 1638 763 1690 Id.Nerors.c.td.
791 1638 879 1701 Neque
889 1647 970 1687 tamen
980 1641 1076 1689 sceleris
1089 1643 1213 1694 couscien-

115 1706 176 1755 tiam
186 1714 227 1756 aut
237 1707 327 1762 statim,
336 1712 378 1755 aut
388 1718 490 1768 uuquam
502 1711 587 1768 postea
596 1703 659 1752 tarra
671 1703 757 1767 potuit.

513 1818 529 1847 ⁸
538 1820 563 1866 8.
578 1817 834 1882 satim—prumam..

126 1938 128 1944 -
154 1901 237 1952 Celtae
248 1901 333 1952 1.2.ο.
345 1905 385 1952 11.
412 1897 577 1948 Admorendae
598 1898 705 1962 partibus
721 1898 768 1955 his,
791 1913 835 1961 pro
853 1897 940 1962 quibus
954 1898 1093 1955 metuimus,
1109 1900 1174 1951 sicca
1190 1908 1216 1951 et

116 1966 198 2082 misici
207 1968 321 2023 tomenta,
332 1965 375 2031 sic,
385 1980 418 2014 ue
429 1964 508 2013 statim
518 1963 719 2014 vehementissimi
726 1966 818 2013 calores
832 1963 955 2026 incipiant,
966 1963 1008 2012 sed
1014 1965 1130 2026 paulatim
1138 1967 1224 2017 incre·

391 2127 440 2178 *a
455 2127 642 2177 Statim-tanc.
663 2125 946 2177 Statim-maternum.

155 2209 233 2261 Tacit.
242 2208 261 2258 l.
272 2211 296 2257 2.
306 2208 377 2258 Hist.
391 2223 412 2256 c.
423 2190 464 2257 7⁵8.
475 2208 489 2271 ᾗ
500 2205 593 2255 unas
610 2205 722 2270 ambages
739 2212 765 2254 et
784 2207 864 2254 statim
883 2214 1012 2270 exceperat
1027 2206 1101 2266 sarna,
1116 2217 1142 2260 et
1159 2217 1217 2263 tunc

120 2275 252 2340 aperiebat.
284 2273 324 2322 Id.
334 2273 420 2335 Agra.
435 2287 457 2320 c.
468 2274 509 2322 02.
524 2270 565 2319 Ibi
575 2269 662 2320 tributa
671 2278 697 2319 et
706 2270 810 2326 metalla,
821 2279 847 2319 et
858 2277 951 2319 catere
961 2273 1114 2325 servientium
1121 2292 1198 2341 praua
1209 2295 1216 2324 :

119 2355 180 2405 quae
188 2337 215 2388 in
224 2345 338 2389 aternum
348 2337 461 2402 proferro,
472 2343 514 2385 aut
523 2336 605 2395 statim
615 2336 699 2386 ulcisci
707 2335 732 2384 in
743 2337 790 2385 hoc
800 2350 884 2398 campo
895 2344 942 2384 est.

482 2450 498 2480 ³
509 2454 549 2500 10.
566 2451 665 2509 Statim,
681 2465 735 2501 cum
746 2451 784 2499 vel
794 2452 858 2500 dom.

154 2535 253 2585 Pollad.
261 2533 312 2582 1.1.
322 2532 362 2580 tit.
372 2533 413 2581 10.
429 2529 533 2580 Fossiles
542 2545 620 2580 arena
631 2530 775 2582 cementitiis
784 2530 917 2595 parietibus
925 2539 950 2581 et
958 2533 1059 2582 cameris
1070 2533 1141 2584 celeri
1149 2526 1220 2586 sicci-

121 2607 174 2649 tate
186 2599 259 2649 utiles
272 2603 338 2652 sunt,
354 2594 520 2660 melioresque,
536 2595 557 2643 si
574 2595 663 2658 statim,
674 2611 730 2644 cum
740 2595 831 2644 effossas
847 2603 912 2659 suut,
922 2597 983 2646 calci
996 2599 1149 2648 misceantur.
1178 2603 1231 2651 Idm

122 2664 207 2729 April.
216 2663 255 2712 tit.
265 2665 290 2713 8.
305 2660 500 2715 Semenatatim,
518 2674 574 2708 com
583 2662 710 2723 spargitur,
724 2660 875 2709 obruendum
892 2668 937 2709 est.
969 2663 1086 2714 Etmon:
1108 2663 1231 2714 Ocimum·

121 2729 248 2791 citonatci
257 2725 353 2790 dicitur,
364 2724 484 2781 sistatim,
496 2739 552 2773 oum
568 2725 665 2788 serens,
675 2740 738 2787 aqua
747 2724 828 2773 calida
838 2724 975 2788 perfundas.
991 2726 1076 2776 Scoec.
1090 2730 1231 2791 dchnas..

121 2793 140 2843 l.
151 2797 177 2844 2.
186 2797 258 2844 nio.
283 2791 334 2848 Qui
344 2795 422 2855 gratus
431 2790 527 2859 futurus
537 2795 584 2854 est,
595 2790 675 2838 statim
686 2790 743 2836 dum
752 2789 856 2853 accepit,
865 2789 895 2837 de
906 2790 1029 2839 reddendo
1037 2792 1136 2856 cogitat.
1159 2831 1164 2839 .
1221 2802 1229 2839 r
1271 2793 1272 2796 ’

484 2905 523 2952 ll.
539 2901 630 2953 Statim
639 2909 674 2953 at·
691 2903 783 2953 Statim
789 2909 868 2971 atquc.

137 3010 140 3015 ·
158 2987 251 3039 Statim
260 2991 290 3036 ut
298 2985 358 3035 satis
374 2982 489 3033 usitatum
500 2990 546 3032 est.
580 2983 634 3032 Cic.
643 2982 661 3031 l.
673 2987 696 3032 1.
708 2984 778 3032 Fam.
790 2997 826 3045 ep.
838 2982 871 3033 9.
887 2983 972 3032 Statim
989 2994 1016 3033 ut
1031 2983 1074 3034 illa
1085 2987 1175 3038 Prator
1184 3000 1222 3042 est

122 3052 212 3103 factus.
224 3087 226 3091 ι
240 3053 284 3102 -Im
292 3067 336 3116 pto
348 3049 434 3107 Quint.
445 3064 467 3097 c.
479 3052 518 3098 18.
541 3047 660 3105 Quasivit
676 3063 691 3096 a
705 3056 747 3111 te,¹
755 3049 836 3095 statim
849 3054 877 3095 ut
889 3049 992 3096 Romam
1008 3051 1082 3100 rediit
1097 3054 1222 3111 Quintius.

126 3119 169 3169 la
177 3119 196 3166 l.
207 3122 232 3167 2.
242 3117 312 3167 Fam.
322 3130 359 3178 cp.
368 3118 409 3163 20.
424 3113 469 3161 Me
478 3114 508 3161 ab
517 3126 546 3160 eo
553 3112 622 3176 diligi
632 3113 713 3161 statim
723 3121 825 3177 coeptum
835 3127 897 3169 essa,
914 3121 942 3161 ut
952 3114 1099 3166 simultatem
1108 3118 1220 3184 deposui.

125 3197 188 3239 mus,
198 3181 271 3230 sensi.
280 3208 293 3221 -·
301 3179 393 3228 Rarius
401 3177 589 3240 assumitotque.
796 3186 802 3197 ·
1075 3209 1078 3215 .
1126 3210 1129 3216 .

153 3246 232 3306 sl).
243 3245 280 3284 ’2.
291 3246 422 3308 Ulpium-1.
431 3243 461 3290 ff.
469 3245 499 3293 de
507 3243 552 3307 off.
561 3244 674 3292 Procoas.
700 3241 833 3292 Proconsul
842 3243 931 3308 ubique
939 3244 1038 3308 quidem
1046 3249 1223 3310 proconsularia

124 3311 232 3377 insignia
240 3311 322 3365 habet,
331 3308 414 3358 statim
423 3313 494 3371 atque
503 3308 587 3357 urbem
596 3323 703 3370 egressos
713 3319 758 3356 est.

392 3425 433 3472 12.
449 3419 644 3472 Statim—simol
657 3428 692 3473 ut.
718 3401 959 3475 Statim-simulac.

159 3505 285 3557 Interdum
300 3501 413 3553 adsciscit
435 3502 507 3551 simul
524 3508 561 3557 at,
578 3503 615 3550 vel
632 3503 704 3551 simsd
720 3519 757 3554 oc.
793 3503 844 3552 Cic.
856 3503 911 3554 Att.
919 3504 937 3554 l.
947 3507 987 3553 1⁰.
996 3519 1034 3567 cp.
1044 3509 1071 3556 4.
1094 3505 1187 3568 Egoad
1199 3512 1224 3556 te

126 3573 209 3624 statim
224 3571 328 3627 habebo,
338 3567 403 3632 quod
419 3567 529 3623 scribam,
542 3566 613 3614 simol
623 3574 650 3614 ut
660 3567 789 3617 Curionem
799 3568 890 3618 videro.
924 3570 963 3618 ld.
975 3570 992 3617 l.
1003 3573 1044 3618 15.
1057 3570 1126 3619 Foru.
1135 3585 1171 3634 cp.
1184 3575 1224 3622 12.
1242 3614 1245 3619 .

128 3639 227 3690 cassius
242 3636 347 3691 dicebat,
363 3630 445 3681 statim
458 3646 485 3678 se
496 3631 592 3687 iturum,
610 3632 720 3680 simulac
737 3633 846 3681 ludorum
859 3641 996 3697 apparamus
1009 3633 1051 3691 iis,
1068 3635 1108 3699 qul
1120 3637 1224 3686 curaturi

133 3709 225 3762 assent,
234 3698 388 3750 tradidisset.
405 3696 459 3746 tltot
468 3697 497 3745 dc
508 3698 587 3746 would
596 3698 681 3758 oepart
691 3697 859 3762 immediately,
869 3713 897 3748 os
905 3713 964 3748 som
973 3713 1001 3748 us
1010 3713 1073 3761 coer,
1081 3703 1123 3763 isc.
1153 3722 1156 3730 ·

577 3910 687 3960 CAPUT
715 3909 803 3960 CCLI.

476 4043 524 4103 Dc
538 4041 688 4104 Aduerbio
703 4042 880 4106 Sasrcrru.

165 4177 219 4228 cie.
227 4187 272 4240 pro
280 4172 384 4222 clama
399 4187 421 4219 c.
433 4174 472 4220 10.
497 4171 558 4220 Cum
574 4187 611 4228 ea,
628 4189 680 4238 quae
691 4173 851 4238 copiosissima
861 4171 910 4221 dici
920 4179 1029 4236 possunt,
1040 4171 1144 4222 brevitor
1159 4191 1173 4224 a
1187 4188 1227 4224 ms

128 4236 281 4303 striotimque
291 4235 410 4287 dicuntur.
442 4233 520 4302 (Add.
530 4254 573 4302 pro
585 4239 657 4291 Rosc.
666 4239 725 4293 Am.
736 4256 759 4290 c.
768 4243 810 4290 at.
828 4253 871 4303 pro
884 4240 946 4290 Col.
954 4239 1031 4302 edin

195 4323 265 4370 Item.
1069 4315 1126 4361 ‘m
