2670 4636
95 245 271 322 annun]
459 227 788 310 nuenarianam
809 256 878 308 aa·
1150 247 1210 311 293

112 393 179 454 poris
189 391 384 455 experimentum,
400 407 448 440 non
459 393 524 441 aliud
534 409 615 441 semen
626 394 746 457 eligimus,
765 409 810 446 nec
825 392 964 456 frugiferum
973 370 1024 441 esse
1035 391 1153 449 ducimus,
1164 393 1211 441 nisi

113 459 181 527 quod
191 458 218 505 iu
231 465 297 522 parte
307 457 406 520 genitali
415 459 520 506 fructum
529 460 656 526 attulerit.v
1132 490 1134 495 -

384 571 399 600 ⁴*
409 577 433 621 9.
450 573 685 637 Primum-debinc,
694 574 733 621 vel
744 575 799 624 inde
808 573 882 620 rarius
892 579 937 620 est.

152 651 214 701 Cels.
225 653 242 700 l.
254 655 277 702 1.
288 669 309 700 c.
319 655 343 701 3.
369 653 418 709 Qui
435 652 520 716 ejicere
533 653 605 707 volet,
623 654 727 715 primuni
743 653 802 700 cibis
812 653 921 716 vinisque
939 658 1019 705 utetur
1034 651 1079 715 his,
1097 667 1151 714 quse
1159 649 1209 703 hoe

113 725 247 779 praestant:
266 718 362 772 dehinc,
375 719 393 764 si
405 733 487 779 pamm
504 716 547 764 illa
556 717 688 778 proficient,
700 720 768 764 aloen
786 725 870 764 sumat.
905 718 955 764 Cic.
969 719 1039 764 Oroi.
1050 733 1071 764 c.
1084 719 1123 764 12.
1147 717 1208 766 Haec

112 789 230 828 tractasse
248 782 447 846 Thrasymachum
464 782 651 833 Chalcedonium
669 784 771 844 primum
786 790 811 829 et
822 781 964 828 Leontinum
982 782 1061 828 ierunt
1080 780 1210 844 Gorgiam:
1296 831 1299 836 ,

112 846 267 895 Theodorum
277 846 334 894 inde
345 846 491 910 Byzantium
501 847 634 910 multosque
645 848 711 894 alios.
757 848 759 855 '

371 962 385 990 *
396 967 434 1010 10.
452 961 626 1010 Primam-ad
636 966 767 1010 extremum
777 961 817 1008 vel
822 965 948 1024 postremo.
969 957 973 967 '

151 1042 204 1091 Cic.
218 1043 236 1091 l.
248 1045 273 1090 2.
284 1041 340 1092 Act.
350 1057 385 1105 ep.
397 1046 437 1090 22.
455 1041 500 1089 1116
512 1044 615 1106 primum
625 1058 682 1090 sans
693 1043 735 1090 diu
745 1044 821 1090 multa
832 1049 914 1088 contra
926 1059 933 1090 ς
950 1040 981 1088 66
990 1047 1120 1088 extremum
1131 1018 1210 1094 autem

110 1122 202 1155 manus
217 1107 286 1155 dedit
301 1115 327 1156 et
342 1107 468 1155 affirmavit
482 1114 528 1156 cet.
560 1107 616 1156 Lib.
628 1109 645 1154 l.
656 1112 680 1156 4.
691 1124 712 1156 6.
723 1111 762 1156 14.
779 1106 875 1153 Maelius
888 1107 989 1169 primum
1011 1105 1211 1168 circumspectans
1271 1167 1273 1170 Α

112 1171 264 1234 tergiversari
287 1172 372 1235 coepit:
400 1179 525 1235 postremo,
549 1189 605 1220 cum
626 1173 747 1234 apparitor
765 1171 834 1234 jussu
851 1171 959 1232 magistri
977 1170 1085 1232 equitum
1104 1176 1229 1234 duceret„

112 1243 213 1298 ereptus
224 1253 238 1284 a
248 1238 453 1285 circumstantibus
462 1237 611 1300 fugiensque.
618 1236 689 1284 fidem
700 1237 778 1300 plebis
795 1235 912 1285 Romana
920 1236 1057 1298 implorare.
1070 1245 1078 1263 ⁸
1090 1236 1130 1285 Ia.
1141 1236 1158 1284 1.
1169 1239 1211 1286 aa

114 1302 460 1430 ε’111161611626116661111161ιί6
472 1366 604 1428 tripartita.

206 1483 246 1527 11.
267 1457 540 1544 Ρνίνιιιιτη-ἒίκνη-ιροει
555 1482 593 1528 vel
605 1481 688 1530 deinde
698 1459 847 1543 sessionique
863 1480 889 1526 in
899 1478 1123 1539 enumerationibus.

112 1569 115 1575 ’
148 1559 180 1606 16
200 1560 318 1622 tripartita
328 1562 504 1609 enumeratione
516 1577 592 1609 rernm
600 1577 662 1624 sape
673 1568 816 1624 usurpantur
823 1561 934 1622 primurn,
944 1565 1001 1614 inm,
1011 1562 1110 1623 posivel
1119 1560 1212 1612 deinde.

113 1623 173 1672 'cta
183 1623 201 1670 1.
215 1628 239 1672 1.
252 1626 281 1673 66
300 1625 352 1689 Off.
363 1643 384 1674 6.
394 1631 418 1674 3.
445 1625 550 1673 Primum
562 1625 681 1688 igiturest
691 1625 721 1672 de
733 1629 840 1680 honesto,
860 1632 908 1672 tum
920 1624 950 1671 de
962 1624 1022 1680 utili,
1034 1634 1088 1686 post
1103 1627 1133 1673 ds
1145 1641 1210 1675 com·

114 1688 240 1751 paratione
261 1703 341 1736 eorum
362 1690 531 1738 disserendum.
565 1691 628 1740 ibid.
647 1706 669 1738 c.
689 1693 729 1737 26.
756 1689 864 1736 Pecunia
884 1689 988 1751 primum
1005 1689 1068 1736 bene
1084 1697 1151 1753 parta
1169 1692 1210 1762 sit,

114 1760 167 1800 tum
185 1753 373 1816 quamplurimis
387 1771 413 1803 se
423 1755 508 1802 utilem
524 1755 637 1818 praebeat,
650 1754 737 1801 deinde
753 1760 868 1816 augeatur
878 1753 975 1809 ratione,
989 1752 1121 1817 diligentia,
1135 1757 1212 1818 parsi-

115 1818 206 1865 monia.
240 1820 255 1847 *
266 1818 331 1866 Add.
349 1821 388 1868 16.
404 1835 447 1883 pro
467 1822 537 1877 Seni.
559 1837 581 1868 c.
600 1823 641 1868 67.
664 1819 768 1874 Quintil.
788 1833 885 1881 prorem.
903 1820 920 1864 l.
932 1821 956 1865 8.
977 1819 1028 1867 Cic.
1042 1826 1095 1882 poet
1107 1821 1212 1870 1166661

116 1883 192 1938 Quin.
204 1899 226 1931 c.
236 1887 259 1931 7.
275 1884 382 1931 Primum
393 1901 433 1932 vos
445 1885 535 1941 docuit,
545 1885 604 1932 meis
615 1884 721 1932 consiliis
731 1899 808 1944 remp.
820 1897 873 1930 esse
883 1890 1008 1930 serratam.
1035 1885 1097 1932 Tum
1106 1885 1131 1931 in
1141 1900 1211 1949 pero·

110 1945 192 2017 ¹rande
201 1947 288 2010 posuit,
300 1964 342 1998 ros
354 1950 433 2012 rogari
445 1965 460 1998 a
474 1950 574 1999 Senatu.
607 1948 720 2012 Denique
735 1949 785 2012 ipse
797 1947 828 1995 ad
837 1955 966 1996 extremum
977 1963 1021 2012 pro
1034 1964 1071 1999 me
1080 1966 1123 1998 vos
1134 1950 1211 2005 salute

112 2011 217 2075 rogarit.
419 2026 421 2029 ·

379 2112 394 2141 ⁴·
402 2116 442 2162 16.
458 2112 815 2162 Primam-deinde-—tumrel
823 2089 948 2175 postremo.

112 2202 115 2207 ·
147 2189 219 2238 Alias
233 2193 536 2254 primum-deinde—ium
552 2193 590 2239 vel
601 2199 727 2256 postremo.
762 2194 813 2241 Cic.
822 2207 865 2255 pro
874 2193 935 2252 Leg.
951 2192 1018 2242 Mon.
1034 2196 1089 2242 c.2.
1105 2193 1211 2242 Primum

114 2255 178 2302 mihi
191 2256 287 2303 ridetur
294 2256 324 2304 de
336 2273 423 2321 genere
438 2257 505 2313 belli,
514 2259 600 2305 deinde
611 2260 641 2304 de
649 2258 822 2320 magnitudine,
834 2267 885 2305 tum
896 2260 926 2304 de
937 2258 1079 2320 imperatore
1089 2259 1212 2322 diligendo

111 2320 323 2434 *eossetdicepplum
356 2322 370 2351 ⁴*
382 2320 449 2370 Add.
468 2324 507 2372 Id.
523 2324 540 2370 l.
554 2327 577 2371 1.
596 2325 624 2371 66
643 2322 694 2386 Off.
706 2339 728 2371 c.
741 2326 780 2372 14.
798 2323 851 2369 etl.
864 2325 887 2369 1.
904 2323 960 2372 An.
972 2337 1008 2386 ep.
1019 2328 1058 2373 16.
1074 2325 1126 2371 etl.
1140 2328 1162 2372 1.
1182 2327 1211 2374 de

145 2399 225 2432 ru.c.
270 2420 276 2434 .
562 2398 563 2402 ’
634 2399 635 2402 ’

153 2450 204 2497 Cir.
216 2450 232 2496 1.
243 2457 266 2498 5.
277 2449 332 2499 An.
342 2464 377 2512 ep.
389 2454 429 2501 14.
456 2452 563 2499 Primum
581 2452 657 2498 otium
677 2451 827 2506 Parthicum,
849 2450 936 2497 deinde
954 2446 1070 2499 confectae
1088 2453 1229 2516 pactiones

114 2511 303 2575 publicanorum,
323 2523 439 2577 postremo
459 2517 546 2565 seditio
567 2517 668 2563 militum
688 2516 771 2563 sedata
784 2517 814 2563 ab
836 2515 924 2576 Appio.
957 2516 1049 2565 *aaa
1059 2532 1103 2580 pro
1116 2518 1211 2566 Cluent.

117 2593 141 2624 c.
156 2580 195 2624 30.
205 2585 231 2625 et
248 2580 266 2625 l.
284 2585 322 2628 10.
341 2582 410 2629 Fam.
423 2597 459 2643 ep.
477 2586 501 2628 6.
517 2589 543 2627 ot
561 2582 617 2628 Lio.
631 2582 684 2628 l.5.
701 2598 722 2627 c.
737 2584 777 2628 39.
794 2588 819 2626 et
830 2580 846 2627 l.
861 2585 902 2627 21.
916 2595 937 2627 6.
958 2581 1212 2633 steintunam

115 2641 215 2688 Dicitur
226 2644 298 2690 etiam
311 2646 676 2708 primum-neinapostremo.
689 2647 765 2693 Tacit.
776 2645 793 2692 l.
803 2649 827 2693 3.
839 2646 903 2693 Ann.
915 2660 937 2690 c.
948 2646 1010 2705 20.§
1024 2647 1047 2691 1.

231 2756 247 2786 ’
260 2761 300 2806 17.
316 2759 607 2808 Primam-deinde—-nd
620 2763 763 2821 postremum
780 2758 818 2804 rel
836 2761 968 2804 extremum
985 2761 1031 2802 etc.
1042 2765 1088 2805 etc.

150 2837 166 2891 J
168 2844 285 2900 ungrmtur
293 2841 364 2886 etism
372 2841 590 2903 primurn-deinde
601 2848 627 2887 et
636 2839 708 2886 tertio
717 2839 771 2884 loco
780 2840 811 2886 66
821 2842 960 2885 extremum·
979 2838 1030 2885 Cic.
1041 2838 1067 2887 in
1075 2839 1128 2887 Pis.
1141 2855 1162 2890 c.
1172 2844 1212 2892 12.

116 2903 150 2950 ad
159 2915 301 2965 postremum
319 2905 373 2952 Lio.
381 2906 399 2954 l.
412 2909 452 2953 31.
463 2921 483 2951 6.
494 2908 534 2953 15.
550 2905 637 2952 deinde
651 2903 728 2952 6161.
741 2908 765 2950 3.
776 2902 831 2950 Ati.
840 2917 876 2964 ep.
887 2905 910 2949 7.
922 2901 973 2949 etl.
985 2908 1052 2965 nep.
1065 2908 1102 2952 13.
1119 2906 1213 2954 accedit

111 2969 189 3029 ,16.1.
201 2973 225 3017 3.
238 2969 306 3018 1166.
319 2985 340 3016 6.
353 2975 396 3019 29.
414 2977 499 3031 postea
516 2970 556 3018 Id.
573 2972 601 3018 66
614 2971 686 3017 Orat.
697 2969 715 3014 l.
725 2972 750 3016 2.
758 2983 788 3014 ἱ6.
802 2970 841 3014 15.
850 2973 876 3012 et
887 2968 959 3014 Orat.
972 2982 993 3014 c.
1003 2971 1043 3014 63.
1060 2968 1129 3017 Pan.
1144 2969 1212 3018 111.
1239 3024 1246 3037 1

116 3049 141 3080 6.
153 3036 177 3080 6.
188 3033 304 3096 imprimis
313 3049 370 3080 vero
381 3035 451 3082 Hirt.
462 3035 525 3086 Bell.
543 3032 662 3082 6661.
674 3035 687 3097 §
699 3037 723 3080 5.
738 3031 831 3078 tertium
842 3038 889 3078 est.
902 3031 954 3079 Cic.
965 3033 994 3079 66
1007 3030 1058 3096 Off.
1076 3032 1092 3079 1.
1104 3037 1127 3082 1.
1138 3050 1160 3085 c.
1173 3038 1212 3084 39.

116 3095 249 3145 novissime
260 3099 346 3148 Phinc.
357 3099 374 3144 l.
385 3103 425 3147 19.
438 3100 489 3148 Cic.
501 3100 570 3148 Font.
583 3114 617 3162 ep.
629 3102 669 3148 24.
702 3122 703 3125 ¹

254 3219 256 3224 ’
355 3212 370 3241 ⁴¹
380 3215 418 3262 18.
435 3211 918 3275 Prinano-tleinceps—rleinde-deinde
928 3217 975 3258 etc.

110 3348 112 3353 Ι
132 3307 136 3316 ·
153 3291 234 3340 Aliter
247 3307 317 3355 porro
335 3293 459 3356 particula
471 3293 524 3340 istae
543 3294 688 3350 ordinantur,
701 3307 724 3340 v.
736 3309 758 3342 c.
768 3293 802 3340 sic
815 3308 820 3336 :
844 3294 956 3355 primurn,
967 3291 1081 3355 deinceps,
1091 3293 1175 3343 deinde
1185 3300 1223 3347 ut,

122 3358 177 3406 Cic.
189 3358 245 3420 Tap.
263 3374 285 3405 c.
297 3362 336 3406 20.
353 3357 464 3420 primum,
483 3365 547 3420 post,
564 3367 623 3406 tum.
658 3361 696 3408 16.
710 3361 738 3407 cle
757 3357 803 3407 Ar.
818 3357 891 3419 Resp.
908 3373 929 3404 c.
940 3362 964 3405 9.
982 3357 1081 3420 primum
1098 3361 1210 3416 omnium,

117 3423 188 3476 item,
200 3429 326 3483 postremo.
360 3423 422 3471 Sall.
435 3425 508 3472 Catii.
526 3438 547 3469 c.
559 3427 599 3471 37.
624 3424 732 3486 primum,
744 3423 839 3476 iterum,
854 3422 958 3468 tertium.
985 3423 1139 3471 Cic.de1na.
1157 3424 1174 3469 l.
1188 3428 1212 3472 1.

119 3503 143 3535 c.
156 3489 196 3535 39.
209 3487 272 3550 Nep.
284 3487 339 3535 Ate.
350 3503 370 3534 c.
383 3491 407 3535 6.
422 3487 506 3548 primo,
522 3487 634 3542 secundo,
652 3489 756 3535 tertium.
791 3489 842 3535 Cic.
854 3501 897 3548 pro
907 3487 994 3534 Pione.
1008 3503 1029 3533 c.
1039 3490 1080 3535 29.
1096 3488 1165 3536 Varr.
1177 3489 1210 3536 R.
1255 3483 1258 3489 ’
1297 3526 1299 3530 .

120 3553 154 3600 11.
164 3552 182 3599 1.
194 3555 250 3599 3.6.
260 3556 300 3599 17.
316 3552 425 3613 primum,
437 3552 501 3614 dein,
513 3566 567 3597 mox
576 3554 613 3599 oei
625 3558 741 3611 postremo
752 3552 820 3601 Plin.
831 3553 848 3599 l.
860 3555 900 3600 35.
912 3567 933 3599 6.
944 3555 984 3599 17.
994 3551 1056 3600 Sall.
1066 3552 1127 3612 Jng.
1137 3568 1160 3599 c.
1171 3557 1211 3602 13.

111 3617 231 3679 primum,
242 3623 293 3670 tum
303 3617 385 3680 etiam,
396 3617 497 3664 accedit.
531 3617 614 3664 Cesar
624 3617 658 3663 Β.
673 3617 706 3664 G.
717 3618 733 3663 l.
745 3621 769 3664 3.
780 3633 800 3664 6.
811 3622 836 3666 2.

368 3747 432 3796 *19.
449 3747 567 3809 Exempla
581 3745 764 3793 enumerationis
779 3745 966 3809 quadripartitae.

111 3858 114 3864 Δ
153 3829 376 3885 Ρ6166666,661666,
388 3830 445 3884 tnnc,
456 3833 581 3890 postremo.
615 3827 693 3876 0161.
706 3828 869 3889 15166666.
883 3830 923 3876 14.
936 3830 966 3876 66
978 3828 1041 3876 Not.
1050 3826 1085 3874 D.
1097 3827 1112 3874 1.
1121 3832 1145 3876 2.
1157 3843 1178 3877 6.
1190 3834 1212 3880 1.

119 3904 146 3942 et
160 3895 177 3940 l.
187 3903 212 3941 et
223 3911 245 3942 c.
257 3899 281 3942 3.
298 3910 333 3958 pr.
349 3894 388 3941 de.
406 3893 523 3955 inprimis,
542 3899 667 3954 postremo.
693 3892 732 3940 Iti.
747 3892 763 3939 l.
777 3893 890 3940 7.,11666.
905 3908 942 3954 ep.
960 3895 983 3939 2.
997 3908 1022 3954 p.
1034 3893 1059 3938 d.
1071 3908 1135 3948 mox,
1151 3901 1211 3944 turn.

110 3959 215 4008 .‡Colrnn.
233 3958 248 4006 l.
262 3964 286 4007 3.
299 3976 321 4008 6.
334 3963 372 4006 10.
390 3974 415 4020 p.
427 3958 452 4003 d.
465 3965 525 4009 tum.
542 3965 632 4020 postea.
667 3959 750 4004 Celsae
765 3958 848 4004 1.2.6.
860 3956 885 4005 1.
901 3971 925 4018 p.
936 3956 961 4002 d.
971 3956 1067 4012 deinde,
1084 3967 1213 4020 postremo.

122 4024 175 4072 Cic.
187 4027 217 4072 66
228 4025 281 4073 Inn.
292 4025 310 4074 l.
322 4029 345 4072 l.
356 4039 376 4070 c.
388 4027 429 4071 43.
443 4038 468 4084 p.
484 4023 507 4070 d.
524 4023 548 4068 d.
561 4034 653 4085 postea.
673 4021 738 4070 1116.
749 4021 799 4068 12.
810 4036 832 4068 6.
844 4023 884 4071 28.
895 4035 920 4082 p.
932 4019 1089 4083 6166616666,
1101 4025 1213 4086 denique.

121 4091 162 4138 16.
179 4091 195 4135 2
209 4088 282 4137 Cutil.
296 4105 317 4136 c.
329 4093 352 4136 9.
365 4104 388 4150 p.
398 4088 422 4134 d.
434 4104 458 4149 p.
478 4093 603 4149 postremo.
623 4087 662 4135 Io.
680 4088 708 4133 (16
720 4085 778 4134 Dio.
794 4085 809 4134 l.
820 4089 844 4132 2.
857 4102 878 4134 6.
891 4089 931 4132 56.
941 4101 965 4147 p.
983 4084 1007 4130 d.
1017 4094 1077 4140 tum,
1091 4097 1154 4149 post.
1171 4090 1212 4138 ld.

119 4156 151 4203 66
162 4155 232 4201 Orat.
242 4154 260 4200 1.
273 4158 296 4201 1.
308 4170 329 4201 6.
340 4159 381 4201 32.
402 4153 512 4216 primum,
531 4158 566 4198 ter
577 4158 691 4212 sequente
702 4150 799 4198 deinde.
822 4151 861 4199 16.
872 4151 890 4196 l.
901 4154 924 4197 3.
939 4148 1006 4197 Fam.
1016 4164 1051 4211 ep.
1062 4155 1086 4198 7.
1102 4153 1213 4213 primum,

120 4226 184 4274 tum,
203 4217 297 4276 deinde,
313 4225 440 4282 postremo.
474 4218 514 4266 Id.
531 4232 573 4279 pro
589 4217 660 4265 Font.
678 4232 700 4265 6.
713 4220 752 4264 14.
771 4231 806 4280 pr.
823 4229 888 4263 mox.
903 4213 971 4268 dein,
985 4223 1122 4276 postrema.
1151 4219 1227 4267 11116.

108 4279 177 4333 ’1.5.
192 4300 213 4332 6.
224 4287 265 4332 29.
279 4299 317 4347 pr.
332 4281 437 4332 seeundo
447 4281 510 4339 loro,
526 4279 623 4344 deinde,
635 4293 685 4333 tun
696 4282 781 4334 etiam.
816 4280 974 4335 cinthio
985 4278 1139 4342 166613.
1158 4333 1160 4337 ,
1228 4329 1231 4333 ,

1122 4586 1133 4593 -
1161 4564 1195 4596 Δ
