2670 4636
108 271 214 352 aare]
462 267 521 336 un
541 250 854 339 enarrcurrsea.
1012 328 1016 334 .
1086 276 1092 286 ·
1139 279 1201 352 ese

110 404 174 471 werre
188 418 285 472 bubni
301 422 341 471 Id.
355 436 399 486 pre
411 422 557 474 ΜΡΝ.
573 440 595 472 c.
604 429 629 474 d.
652 424 717 481 Quin
729 425 858 474 continetis
874 437 958 472 rocem
970 422 1076 472 indicem
1091 422 1199 472 stultitiis
1256 398 1258 404 Ι

110 486 352 615 &matyrio
366 502 412 551 unu
427 495 469 538 net
483 489 645 548 surdescere
660 491 732 552 sstag
743 493 869 553 languore,
878 489 956 538 rebels
969 491 1023 553 only
1035 489 1130 552 btmyr
1139 503 1200 554 your

391 650 406 679 ⁸
418 654 441 700 2.
455 650 520 705 Quia
531 665 585 700 curn
595 652 734 717 imperativo
743 651 860 699 hortantis
869 656 915 699 est.
1133 625 1151 654 ⁸

146 728 241 778 Terent.
255 727 334 779 Andr.
353 734 413 781 1.1.
437 730 503 787 Quin
520 739 548 779 tu
565 746 613 779 nno
629 733 702 780 verbo
721 732 768 787 dic,
786 731 843 795 quid
862 739 908 788 est,
927 729 992 793 qnod
1008 745 1046 778 me
1059 729 1129 779 veiis.
1162 728 1200 779 ld.
1228 775 1229 778 ,

111 790 212 842 Picena.
222 797 245 842 ὅ.
255 799 279 842 e.
294 794 359 851 Quin
371 801 396 841 tu
410 795 594 858 pollicitationes
610 797 684 852 aulen,
702 805 735 853 et,
746 796 811 859 quod
828 795 883 851 lars,
901 794 970 843 cedo·
1004 795 1055 843 Cic.
1071 810 1115 858 pso
1129 794 1201 846 Rene.

113 858 181 921 Cone.
191 873 213 905 c.
223 863 248 907 9.
258 858 323 915 Quin
334 868 361 906 tu
372 860 416 907 boc
427 860 517 907 crimen
532 868 575 910 sut
585 861 670 926 objice,
682 862 723 910 ubi
737 862 794 911 licet
804 875 882 924 egere,
894 860 1022 923 autjacere
1032 860 1094 916 noli,
1101 859 1142 908 ubi
1151 874 1207 910 uun-

111 929 217 985 oportet.
249 922 314 971 lidd.
327 923 420 974 Peent-
432 925 529 974 Pdom.
541 931 565 974 s.
576 929 601 975 2.
671 928 680 945 ‘

503 1022 519 1051 '
528 1025 551 1070 e.
569 1022 633 1077 Quia
644 1035 688 1087 pro
699 1037 768 1086 quum
776 1026 811 1070 ut.
979 1078 982 1087 Ι

145 1099 245 1149 Sallust.
259 1101 332 1161 Cutil.
344 1115 365 1147 c.
377 1106 417 1151 89.
433 1102 520 1165 Neque
535 1103 590 1157 iliis,
608 1104 649 1166 qui
667 1103 790 1153 victoriam
807 1102 889 1166 adepti
905 1101 991 1157 forent,
1012 1099 1103 1148 diutins
1118 1115 1147 1149 ea
1165 1101 1203 1150 uti

111 1162 228 1220 licuisset,
237 1165 293 1227 quin
303 1166 403 1215 defessis
414 1174 439 1213 et
449 1167 605 1231 exanguibus,
617 1169 658 1231 qui
670 1169 723 1230 plus
740 1175 831 1230 posset,
846 1167 968 1230 imperium
980 1173 1051 1227 atque
1066 1166 1202 1214 libertatem
1279 1179 1281 1185 ¹

110 1238 271 1292 extorqueret.
290 1231 342 1279 Cic.
351 1246 395 1294 pro
407 1232 462 1281 Mil
473 1248 494 1279 c.
505 1238 545 1282 24.
562 1231 647 1293 Neque
662 1233 729 1281 siiter
737 1234 816 1280 fecere
829 1239 927 1292 possunt
936 1231 963 1286 ii,
980 1230 1066 1292 quibus
1076 1237 1127 1278 tete
1137 1245 1202 1279 cum·

109 1291 185 1340 misse
195 1302 232 1341 est
241 1296 345 1357 respubl.
358 1296 423 1352 Quin
433 1296 503 1344 eliam
514 1296 648 1345 audiendus
663 1298 695 1346 sit
711 1312 775 1361 popa
789 1295 906 1358 Licinius,
920 1296 1002 1343 nescio
1016 1293 1079 1356 quis,
1095 1295 1126 1342 de
1141 1294 1204 1343 circo

110 1356 224 1484 ffimo.
240 1358 283 1422 (In
295 1361 405 1424 exemplo
416 1363 521 1409 secundo
530 1362 586 1425 quin
597 1370 642 1417 est,
658 1370 687 1409 ut
701 1362 784 1409 titulus
799 1361 888 1408 hebet:
906 1361 932 1407 in
949 1359 1024 1423 primo
1040 1368 1077 1406 est
1086 1359 1143 1422 nisi,
1158 1374 1202 1408 uu·

383 1506 385 1510 ·
405 1494 430 1539 4.
449 1490 523 1547 Quin,
535 1505 577 1554 pru
588 1492 649 1555 quod
660 1505 714 1546 nors,
728 1492 768 1538 vel
778 1490 908 1555 queminus·
1144 1534 1147 1539 ,

144 1562 269 1615 Interdum
283 1567 342 1630 perire
356 1577 482 1632 usurpetur
499 1585 542 1633 pro
555 1571 616 1633 quod
629 1584 685 1625 non,
704 1566 742 1616 rel
756 1584 801 1632 quo
816 1583 871 1618 non.
904 1567 957 1616 Ciu.
974 1569 993 1616 l.
1004 1571 1029 1617 4.
1048 1567 1117 1617 Fen.
1131 1573 1204 1630 eni.

111 1627 138 1676 Ν
139 1643 171 1678 on
181 1631 241 1694 quin
249 1631 300 1696 ipse
311 1633 459 1695 dissentiam,
468 1637 510 1682 sed
522 1637 586 1697 quod
603 1649 632 1682 ee
642 1641 667 1681 te
684 1634 803 1695 sapientis
816 1632 932 1696 judicem,
948 1638 975 1679 ut
986 1646 1067 1679 meum
1076 1632 1204 1680 consilinm

110 1708 162 1741 non
172 1703 314 1759 anteponam
322 1706 373 1744 tuo.
405 1699 445 1747 Id.
456 1698 472 1746 l.
485 1702 509 1746 7.
520 1699 574 1747 Art.
585 1715 621 1762 ep.
631 1699 676 1745 ult.
692 1698 749 1746 Non
765 1699 822 1762 quin
838 1703 932 1745 rectum
947 1703 1018 1752 esset,
1036 1697 1078 1744 sed
1090 1696 1146 1760 quie
1158 1703 1205 1748 cet.

110 1763 155 1806 not
166 1760 217 1809 tbst
228 1763 248 1809 it
258 1761 281 1809 ia
291 1768 331 1810 not
341 1762 415 1822 right.
433 1764 472 1811 Id.
487 1763 513 1810 in
524 1765 597 1811 Brut.
613 1762 669 1810 Non
684 1763 772 1811 idcirco
788 1762 907 1810 Isocrates
924 1775 1008 1808 causas
1025 1776 1073 1808 non
1087 1761 1204 1819 defendit,

111 1823 171 1885 quin
182 1824 204 1871 id
215 1826 274 1872 utile
285 1842 337 1874 esse
349 1835 374 1874 et
383 1828 508 1875 bonestum
519 1828 673 1876 existimaret.
888 1844 891 1851 ¹

147 1888 250 1950 Cic.pre
263 1891 416 1946 Quilibet).
433 1892 496 1940 Cum
512 1907 589 1941 censen
606 1892 668 1939 nibil
685 1898 756 1946 esset,
770 1889 826 1953 quin
843 1904 913 1938 secus
929 1890 982 1953 ipse
996 1889 1027 1937 de
1043 1905 1068 1938 se
1076 1889 1204 1953 judicaret.

112 1951 154 2001 Id.
163 1952 182 1999 l.
192 1957 216 2001 2.
231 1956 260 2003 de
271 1956 364 2004 Inueni.
376 1971 399 2003 c.
410 1960 450 2004 28.
466 1958 506 2005 Id.
518 1958 533 2005 l.
549 1961 573 2006 2.
586 1957 654 2006 Fons.
664 1972 700 2019 ep.
713 1959 752 2004 17.
768 1955 834 2002 Num
850 1953 907 2018 quid
917 1969 996 2003 cause
1006 1961 1053 2011 est,
1064 1955 1124 2016 quin
1135 1969 1206 2017 agros

110 2017 233 2065 vendituri
243 2020 316 2068 sunt?
350 2021 389 2068 Id.
399 2024 415 2068 2
426 2020 489 2080 Agr.
501 2037 524 2073 e.
537 2025 576 2068 15.
586 2031 647 2068 extr.
668 2019 734 2077 Quid
747 2019 818 2083 igitur
834 2034 912 2067 ceusse
922 2026 968 2076 est,
979 2006 1037 2081 quin
1047 2019 1165 2067 colonium
1180 2018 1206 2068 in

112 2078 251 2132 Ianiculum
264 2082 357 2146 possint
370 2083 506 2133 deducere?
523 2086 588 2134 Ibid.
600 2101 622 2133 c.
633 2089 673 2134 27.
1033 2113 1036 2119 ·

350 2187 374 2229 5.
393 2182 458 2237 Quin
468 2198 522 2251 curn
539 2183 629 2239 debito,
643 2182 807 2247 pretermitte,
816 2197 911 2247 possm
921 2189 968 2230 cet.

146 2256 215 2321 Saepe
229 2259 338 2323 jungitur
353 2262 475 2324 quiricum
489 2264 567 2311 verbis
585 2264 673 2319 duddo,
683 2265 850 2327 pretermittit,
865 2277 967 2326 possum,
980 2267 1006 2309 et
1016 2261 1072 2315 ,aliis
1081 2260 1207 2324 ejusmodi.

114 2323 169 2372 cic.
177 2324 192 2370 l.
200 2327 223 2371 7.
234 2325 303 2373 Fam.
315 2341 351 2388 ep.
362 2330 385 2377 l.
403 2326 458 2382 Quo
466 2328 562 2390 quidem
572 2338 687 2392 apparatu
694 2344 741 2374 non
752 2327 845 2391 dubito,
851 2329 907 2390 quin
916 2327 1133 2388 requissimoan'rmo
1141 2324 1209 2374 caru}

113 2387 170 2434 eris.
200 2389 239 2436 Id.
250 2392 279 2440 rie
290 2390 347 2440 Seu.
357 2406 380 2437 c.
391 2395 430 2438 10.
452 2393 522 2450 Quod
533 2393 554 2441 si
564 2393 683 2450 acciderit,
697 2408 745 2441 non
756 2393 859 2455 dubitat,
875 2392 933 2456 quin
945 2391 1010 2438 brevi
1019 2390 1090 2453 Troje
1102 2390 1135 2438 sit
1145 2391 1207 2453 peri·

112 2459 176 2500 tura.
209 2454 248 2501 Id.
255 2468 298 2517 pro
309 2456 380 2503 Deru·
392 2472 414 2503 c.
424 2461 465 2506 26.
481 2457 538 2506 Nun
545 2458 609 2520 quod
617 2459 737 2505 dubitaret
747 2457 925 2519 Bibulus‚quiu
933 2456 963 2503 ab
971 2455 1026 2507 isto.
1034 2455 1096 2502 nihil
1106 2455 1208 2518 iegibus,

112 2515 176 2565 nibil
184 2517 344 2579 religionibus,
355 2520 415 2567 nibil
422 2519 474 2584 jure
484 2530 549 2570 esset
559 2531 645 2579 ectum,
653 2521 697 2570 sed
705 2537 736 2569 ne
746 2523 799 2585 quis
809 2524 907 2569 oriretur
917 2519 1045 2581 aliquando
1055 2524 1101 2567 cet.
1117 2519 1208 2568 deii.

113 2597 139 2629 c.
149 2585 189 2629 1⁰.
216 2582 267 2644 Ego
283 2584 340 2630 nihil
358 2587 508 2646 praetermisi,
522 2594 637 2649 quendum
656 2587 733 2635 iacere
749 2585 826 2648 potui,
842 2585 900 2648 quin
915 2583 1058 2646 Pompeium
1073 2598 1089 2631 s
1105 2583 1207 2631 Cresuris

114 2645 285 2708 conjunctione
301 2663 430 2696 uvocmem.
463 2650 502 2698 Id.
513 2665 555 2711 pro
568 2651 653 2706 Quini.
668 2667 690 2698 c.
700 2655 740 2700 18.
758 2651 841 2699 Cenem
858 2648 919 2696 nihil
932 2647 1064 2710 dico,quin
1081 2647 1125 2694 tibi
1141 2649 1208 2695 redi·
1237 2683 1240 2687 >

115 2710 222 2758 monium
236 2712 379 2774 promiserit.
414 2715 453 2763 le.
463 2714 480 2762 l.
493 2719 532 2764 12.
542 2713 596 2764 Art.
607 2731 642 2777 ep.
654 2718 694 2763 tu.
720 2714 808 2762 Fecere
818 2727 867 2760 non
877 2727 983 2776 possum,
993 2713 1050 2772 quin
1060 2711 1164 2773 quotidie
1176 2711 1208 2761 ed

115 2780 143 2821 te
155 2775 257 2822 mittam.
273 2777 311 2825 lb.
330 2778 400 2827 l.1r.
417 2793 453 2841 ep.
466 2783 505 2827 1⁵.
535 2779 633 2826 Prorsus
653 2779 714 2827 nibil
728 2778 805 2840 abest,
816 2777 872 2840 quin
883 2778 928 2824 sim
939 2776 1092 2823 miserrimus.
1110 2775 1127 2823 1
1143 2781 1208 2825 went

113 2840 220 2900 nothing
227 2840 256 2898 os
258 2841 327 2902 being
338 2844 472 2905 completely
480 2843 594 2892 wretched
600 2860 609 2901 ,·
626 2843 726 2904 nothing
736 2844 758 2891 is
768 2844 876 2904 wanting
882 2846 906 2889 to
913 2843 1023 2903 complete
1032 2854 1072 2902 my
1081 2841 1209 2891 wretched·

116 2917 186 2960 netu
206 2905 221 2952 l
235 2921 274 2952 om
283 2921 311 2954 ue
321 2907 445 2956 miseroble
455 2922 483 2954 ns
497 2907 517 2955 it
528 2908 550 2955 is
559 2908 659 2969 possible
671 2907 714 2968 fer
724 2921 760 2956 me
771 2912 795 2954 to
806 2907 840 2954 be.

563 3002 578 3031 '
589 3003 730 3053 Admonitio
743 3007 766 3051 1.

155 3080 220 3139 Quin
238 3081 347 3143 sequitur
361 3096 431 3144 pene
445 3080 524 3132 omnia
539 3085 618 3146 verba,
632 3099 685 3148 quen
704 3084 743 3131 vel
756 3097 810 3139 nen,
827 3081 865 3130 vel
884 3081 954 3140 nibil,
972 3082 1010 3130 sel
1027 3097 1152 3145 nusquitan,
1171 3082 1211 3131 rel

119 3144 198 3192 simile
212 3146 332 3208 quidpiam
351 3146 488 3209 adjunctum
508 3150 605 3198 babent.
641 3149 730 3198 Dubito
746 3155 825 3195 autem
842 3154 868 3194 et
885 3147 932 3194 clia
949 3147 1095 3211 etiamlquin
1111 3147 1211 3204 hebent,
1260 3162 1262 3179 ⁴

116 3224 174 3257 cum
184 3210 338 3272 interrogant.
358 3213 409 3260 cic.
418 3214 499 3262 bPur.
511 3218 562 3263 ο.2.
581 3213 640 3271 Quis
647 3214 719 3276 igitur
726 3211 828 3273 dubitet,
835 3211 893 3274 quin
900 3213 926 3258 in
933 3209 1019 3259 virtute
1030 3210 1119 3261 diritius
1127 3212 1212 3275 pusille

119 3272 186 3321 sint?
204 3275 259 3323 Lis.
271 3277 286 3322 1.
296 3283 321 3323 et
331 3290 353 3322 c.
365 3281 389 3323 4.
407 3276 467 3332 Quis
480 3278 583 3336 dubitet,
602 3278 660 3342 quin
670 3279 696 3327 in
712 3287 827 3326 eternum
836 3279 895 3324 urbe
910 3276 1012 3332 condita,
1032 3277 1056 3324 in
1070 3277 1210 3324 immensum

119 3347 252 3394 crescente,
263 3354 325 3387 nore
336 3341 445 3402 imperia,
464 3343 602 3399 sacerdotia,
613 3343 668 3405 jure
679 3344 786 3406 gentium
804 3343 972 3402 hominumque
981 3341 1152 3389 instituentur?
1171 3343 1211 3390 ld.

120 3401 137 3448 l.
148 3405 189 3451 22.
199 3418 222 3451 c.
233 3407 274 3451 21.
291 3403 317 3450 Si
327 3419 370 3451 eua
378 3406 501 3454 voluntate
511 3416 547 3454 tot
555 3408 634 3456 socios
644 3409 748 3471 reliquit
753 3407 860 3464 hostibus
870 3405 1022 3468 diripiendos,
1033 3405 1091 3468 quid
1102 3421 1211 3455 recusure

120 3474 210 3529 potest,
222 3469 278 3529 quin
290 3476 315 3514 et
325 3469 383 3516 socii
393 3469 439 3531 sibi
450 3472 591 3521 considant?
621 3473 671 3520 Cic.
683 3473 701 3519 l.
713 3477 753 3521 11.
765 3472 834 3520 Fam.
846 3485 883 3534 ep.
894 3474 935 3519 28.
1121 3469 1123 3472 ’

604 3567 721 3615 dmonitio
730 3571 754 3615 2.

156 3643 318 3698 nuclearem
329 3645 447 3707 significet
456 3566 654 3713 audeawiungi
666 3647 728 3695 solet
736 3646 854 3694 infinitivo
867 3647 955 3709 potius,
966 3661 1035 3708 quam
1047 3645 1133 3708 qein.¹⁰
1160 3648 1213 3698 Cic.

122 3850 177 3963 &¹⁹
193 3849 295 3899 Rectius
310 3853 417 3910 sortasse,
434 3855 609 3905 deliberandum
618 3856 665 3904 sibi
678 3859 772 3919 putare,
785 3858 808 3901 to
824 3851 960 3908 deliberate,
973 3857 996 3899 to
1012 3853 1067 3899 tede
1076 3852 1128 3900 into
1138 3854 1213 3904 conei-

152 3916 241 3964 ration.
302 3928 304 3932 ’

156 3978 178 4010 ²⁰
194 3978 272 4028 Recte
285 3990 310 4028 et
322 3983 468 4032 considerate
483 3984 587 4046 loquitur
600 3984 686 4032 Aulor.
717 3982 781 4031 Num
791 3981 911 4029 interdum
921 3980 995 4027 habet
1005 3979 1141 4045 adjunctum
1149 3985 1215 4046 quiet.

126 4042 181 4099 Cis.
191 4058 233 4108 pro
244 4047 305 4106 neg.
316 4048 385 4098 Most.
400 4063 422 4096 c.
434 4054 472 4098 ld.
490 4048 646 4106 Dubitabitis,
660 4047 774 4106 Quirites,
793 4045 851 4109 quin
870 4047 914 4092 hoc
930 4052 1023 4091 tentum
1039 4045 1097 4094 boni
1111 4048 1136 4095 in
1152 4063 1213 4096 rem-

96 4146 99 4153 .
123 4107 246 4171 publicam
265 4113 450 4161 conservandam
467 4122 537 4176 atque
556 4114 746 4178 amplificandum
759 4109 902 4160 conferatis?
918 4124 970 4172 pro·
989 4125 1020 4157 ²11
1034 4111 1160 4160 conferatis
1175 4116 1214 4161 vel

124 4172 233 4221 conterre
242 4175 329 4224 velitis.
354 4178 392 4226 le.
402 4193 445 4240 pro
456 4179 512 4226 Mii-
520 4193 541 4225 c·
548 4184 588 4230 23.
605 4179 661 4227 Non
671 4178 841 4236 dubitaturum,
848 4175 932 4223 fortem
943 4175 1026 4229 virum,
1035 4177 1100 4239 quin,
1109 4193 1214 4226 cumsuo

123 4237 231 4364 pungui?
247 4240 348 4288 sulutem
364 4242 502 4307 reipublice
518 4246 645 4301 attulisset,
660 4245 758 4333 cederes
768 4255 837 4304 aequo
852 4238 932 4288 enimn
942 4239 1049 4304 legibus.
1080 4243 1249 4304 (liert-we„¹

125 4308 172 4351 c.l
193 4335 200 4349 .
234 4308 259 4353 2.
