2670 4636
161 183 206 243 se
339 142 340 145 Ὺ
487 173 658 239 nostru
690 168 934 239 russnnnrru
1155 133 1305 257 [ms

161 306 281 407 receptam
291 354 323 390 ex
333 338 451 399 hostibus,
462 343 554 392 colonis
569 342 681 392 restitnit.
692 343 778 394 witbin
787 343 853 394 three
865 331 1050 407 deposcentis
1066 310 1260 391 commemorarent

160 410 190 468 os
198 409 238 459 sne
252 409 326 469 siege.
343 408 382 457 Id.
393 409 411 457 l.
423 411 464 457 42.
474 425 496 456 o·
505 412 544 456 00.
556 407 650 457 Paucos
660 416 717 457 ante
728 409 781 457 dies
792 407 903 464 Perseus,
916 414 1045 470 postquam
1055 405 1128 469 legati
1137 406 1168 453 ab
1180 405 1260 455 Roma

159 472 261 536 regressi
272 472 428 536 presidemus
438 487 506 536 spem
515 474 592 537 pacis,
607 473 733 522 consilium
743 473 835 522 babuit.
852 473 914 522 brito
925 471 977 532 fero
990 474 1050 536 daps
1064 473 1166 535 eiupsed.
1183 471 1260 531 before

160 538 272 593 Perseus,
282 538 371 598 lrooing
381 538 546 597 leomedsrorn
552 539 592 588 tile
601 539 763 588 ondmsedors
774 554 804 586 on
812 539 875 587 tbes'r
884 537 1036 596 retsmsrom
1045 536 1120 585 Rome
1127 535 1182 585 tlret
1192 552 1260 599 saep

160 603 219 667 hope
229 604 332 667 ofpeuee
342 618 392 651 roas
401 609 441 651 eut
450 602 495 666 off,
504 603 556 652 leld
566 620 582 652 e
592 604 690 652 coemit
702 603 764 668 (Sed
774 604 855 651 locum
864 603 967 666 prlrnum
978 601 1030 649 Vixi
1041 600 1107 649 docti
1122 608 1261 664 corruptum

159 682 246 730 magna
261 666 416 716 consensione
426 675 521 729 putant,
532 667 629 731 legique
639 669 724 716 volunt
734 669 808 724 inim,
819 668 883 732 quod
894 667 1002 716 Clericus
1013 667 1073 714 adeo
1084 667 1110 713 in
1120 672 1261 714 contextum

159 733 260 797 recepit.
293 731 323 780 In
333 733 407 780 altero
423 732 477 780 loco
494 733 514 780 si
533 738 589 783 onte
604 732 638 780 sio
655 748 805 795 caperemus,
818 733 931 781 existeret
945 730 1098 794 frigidissima
1111 731 1258 794 tautologia:

159 811 245 910 ffuvios
259 797 665 911 pcasdtitdiesipostqnunpetcptrpleqpp
683 798 725 847 hic
744 798 787 910 illta
800 812 826 845 n.
839 802 863 846 8.
881 796 1009 860 explicatio
1020 795 1261 909 locumulrrnbepieqpp}

160 934 189 975 ..t
205 875 1092 992 .ll.⁰,‚..,l:.⁰tt.5t.ltt⁹..ints:t,tntsffi‘l⁹⁰¹⁸
1131 893 1138 906 ‘
1210 879 1225 941 ·’

490 1055 492 1059 ι
513 1024 529 1054 ‘
540 1027 582 1073 1³.
595 1023 625 1072 In
636 1030 662 1072 et
673 1029 729 1074 unte
739 1033 903 1088 opponuntur.

193 1105 287 1156 sento.
297 1105 315 1153 l.
326 1108 351 1154 2.
362 1122 385 1154 c.
395 1109 437 1155 10.
448 1107 462 1170 ξ
472 1108 494 1154 1.
506 1103 596 1152 Darius
605 1105 715 1162 decedit;
729 1105 820 1154 relictis
836 1105 890 1153 filiis
901 1111 927 1154 et
937 1105 962 1152 in
971 1119 1044 1168 regno
1058 1112 1083 1154 et
1092 1111 1148 1154 ante
1156 1120 1261 1169 regnum

160 1171 287 1236 susceptis.
297 1170 365 1238 (Hoc
373 1169 445 1220 nihili
452 1179 499 1219 est.
516 1169 601 1218 Forma
607 1175 663 1220 ente
673 1184 773 1232 regnem
784 1170 889 1234 pertinet
898 1170 930 1219 ad
939 1185 966 1218 n.
976 1171 1016 1236 l.)

590 1265 605 1296 '
621 1271 662 1317 14.
677 1268 758 1317 Multo
769 1273 832 1318 onte.

176 1350 248 1481 tgip.
259 1351 277 1398 1.
287 1354 328 1400 27.
339 1365 362 1398 c.
371 1351 411 1400 42.
423 1348 515 1398 Consul
525 1349 602 1398 multo
612 1355 669 1397 ante
680 1356 773 1398 nocturn
781 1348 863 1414 copies
873 1349 975 1399 redusit.
985 1347 999 1382 ⁶
1018 1350 1071 1399 Cic.
1080 1349 1098 1399 l.
1109 1355 1135 1404 4.
1146 1351 1218 1401 Fert.
1224 1363 1260 1412 ep.

161 1432 175 1464 e
241 1448 248 1463 .

579 1512 594 1541 ¹
606 1515 647 1561 15.
658 1512 845 1577 Ante—posteo.

194 1592 289 1643 Pna'l.
299 1599 340 1645 20.
350 1610 371 1642 c.
383 1597 407 1643 1.
424 1593 532 1642 Menaeis
548 1593 687 1657 potionibus
706 1610 750 1659 per
766 1595 854 1659 viginti
870 1594 922 1643 dies
940 1600 997 1644 ante
1013 1594 1081 1644 canis
1096 1600 1186 1651 ortum,
1203 1595 1260 1644 toti·

159 1660 262 1723 demque
274 1666 366 1725 postea,
377 1660 462 1708 suadet
471 1658 594 1707 Hesiodus
602 1659 648 1707 uti.

329 1752 332 1759 ’
406 1745 436 1785 ”“
451 1761 491 1806 10.
503 1749 569 1805 Ante
577 1747 749 1823 omnio-tum,
759 1773 802 1821 pro
810 1758 1004 1820 primum-tuns.
1048 1740 1051 1747 ¹

195 1841 259 1889 Cels.
269 1839 287 1886 l.
298 1844 323 1889 7.
335 1854 357 1885 c.
369 1841 409 1886 00.
419 1839 449 1886 de
461 1837 562 1898 Condpl.
577 1852 628 1885 cnr.
661 1836 738 1884 Alvus
757 1845 813 1886 ante
833 1839 914 1886 omnia
923 1839 1032 1898 ducitur;
1049 1846 1100 1888 tum
1110 1840 1212 1888 volsella
1223 1845 1259 1886 tu·

159 1904 282 1953 borculum
302 1905 477 1965 apprehensum
492 1902 564 1966 juxto
574 1901 665 1949 radices
675 1902 801 1950 exciditur.
833 1905 873 1954 Id.
885 1905 901 1953 l.
913 1909 936 1952 8.
947 1921 969 1953 c.
980 1908 1003 1952 2.

504 2000 518 2063 §
530 1998 567 2047 II.
578 2002 602 2047 1.
612 1998 653 2048 De
665 1999 789 2048 Adverbio
803 1999 906 2050 ANTE.

191 2082 258 2134 Ante
268 2081 406 2129 adverbium
416 2087 460 2137 est,
470 2095 526 2128 curn
543 2080 636 2128 nullum
655 2096 737 2130 casum
750 2083 820 2146 regit,
830 2083 871 2132 eui
882 2084 1010 2147 opponitur
1018 2086 1100 2148 post.⁷
1136 2085 1190 2134 Cic.
1206 2086 1224 2133 l.
1236 2090 1260 2134 2·

159 2149 189 2199 de
200 2149 257 2198 Fin.
267 2163 289 2196 c.
300 2150 340 2195 10.
362 2145 410 2203 Qui
425 2145 565 2209 philosophi
583 2160 635 2194 esse
652 2146 745 2204 volunt,
764 2149 826 2196 asoti
835 2155 891 2196 ante
901 2149 968 2197 fiant.
986 2151 1025 2200 Id.
1036 2151 1053 2197 l.
1069 2155 1092 2199 l.
1105 2152 1175 2200 Ture.
1186 2166 1210 2198 c.
1220 2155 1261 2200 20-

159 2214 248 2262 Pascis
258 2218 313 2260 ante
324 2211 418 2272 diebus,
430 2225 485 2258 cum
495 2216 585 2274 posset,
597 2226 611 2258 e
629 2210 738 2259 custodia
754 2213 824 2262 educi
839 2213 924 2262 noluit.
949 2215 987 2264 ld.
998 2216 1015 2263 l.
1026 2219 1050 2265 4.
1068 2215 1138 2266 Fom-
1158 2231 1195 2278 ep.
1206 2219 1231 2264 0.
1241 2214 1259 2263 l.

158 2285 183 2330 4.
193 2279 250 2328 An.
258 2294 295 2342 cp.
305 2283 330 2327 7.
341 2281 391 2324 etl
402 2275 498 2324 Plribc.
508 2279 548 2327 40.
565 2276 621 2325 Lie.
633 2276 651 2325 l.
662 2281 703 2326 40.
714 2294 736 2326 c·
747 2281 787 2327 38.

636 2373 787 2423 Admonitio.

192 2454 254 2504 Cum
264 2455 366 2504 dicimus
375 2456 458 2519 paucis
468 2463 523 2506 ante
533 2456 623 2512 diebus,
636 2457 714 2511 sonu,
727 2457 852 2514 mensibus,
866 2465 948 2506 sextus
958 2457 999 2505 ille
1011 2473 1081 2506 casus
1091 2473 1140 2505 non
1156 2459 1187 2509 ab
1203 2464 1260 2508 onte

155 2523 256 2587 reginis,
266 2522 309 2569 sed
321 2523 359 2570 eit
375 2521 492 2569 ablativus
502 2521 631 2586 temporis:
649 2519 752 2585 'perinde
770 2537 798 2571 ac
821 2524 843 2571 si
860 2522 989 2571 diceretur:
1006 2523 1090 2587 parteis
1111 2524 1203 2581 diebus,
1222 2527 1260 2574 nel

158 2587 486 2643 mensibusmelonnieentc'.
830 2592 832 2598 '
999 2589 1001 2595 ’

529 2684 545 2714 ⁴⁸
556 2689 581 2733 2.
592 2684 658 2734 Ante
668 2685 747 2734 locum
761 2685 888 2751 significat.
899 2671 904 2676 ⁵

160 2759 164 2768 ’
191 2762 457 2831 Anteaccomrnodatur
478 2767 509 2814 ed
527 2767 617 2828 locum,
635 2767 677 2831 qui
697 2767 798 2831 petitur,
816 2783 859 2815 seu
869 2767 901 2814 ad
912 2782 984 2831 quem
998 2767 1113 2815 tenditur.
1143 2768 1259 2816 cents

158 2837 188 2883 de
199 2835 257 2882 Fin.
269 2850 290 2880 c.
304 2838 344 2882 12.
361 2833 385 2879 Sl
403 2839 445 2880 aut
455 2832 563 2879 messibus
572 2832 720 2894 ingrediatur
729 2832 797 2896 quis,
818 2841 860 2880 aut
874 2847 923 2880 non
937 2839 1002 2888 ante,
1021 2834 1063 2879 sed
1079 2838 1158 2894 retr03
1174 2833 1259 2894 lugere

159 2899 228 2962 piane
240 2914 266 2946 se
281 2898 343 2962 ipse,
363 2904 389 2945 et
404 2897 525 2944 bominem
542 2913 574 2945 ex
585 2898 680 2946 homine
698 2913 789 2945 exuens
804 2904 914 2945 naturam
932 2897 1012 2945 odisse
1030 2897 1148 2944 videatur.
1164 2897 1227 2955 ort'f
1243 2913 1259 2946 n

159 2978 215 3014 man
225 2963 308 3012 sbonld
316 2964 447 3026 wulkupon
458 2963 491 3010 all
496 2962 565 3022 forn,
580 2978 608 3011 or
618 2963 743 3012 buckward
756 2965 850 3013 instead
857 2962 1006 3022 offorwerd.

164 3080 167 3084 ,
191 3028 393 3076 Accomrnodatur
408 3028 438 3074 ed
458 3028 546 3082 locum,
558 3028 584 3076 in
602 3043 650 3090 quo
660 3028 804 3076 subsistitur.
821 3027 876 3076 Lio.
888 3029 903 3074 l.
915 3032 955 3076 22.
967 3043 990 3075 c.
1002 3033 1025 3076 5.
1044 3026 1102 3074 Fors
1120 3026 1258 3092 conglobat,

158 3100 184 3142 et
195 3093 288 3141 animus
297 3107 355 3141 suus
365 3092 452 3156 cuique
463 3101 518 3140 ante
530 3104 571 3140 aut
585 3100 642 3156 post
651 3091 774 3157 pugnandi
783 3093 891 3140 ordinem
901 3092 982 3140 dabat.
1000 3093 1092 3142 Celsein.
1102 3090 1119 3140 1.
1131 3095 1155 3140 0.
1167 3109 1190 3142 c.
1200 3098 1225 3141 2.

529 3190 540 3214 ⁸
550 3195 574 3241 8.
585 3191 651 3242 Ante
661 3207 704 3254 pro
716 3191 797 3245 eitius,
806 3189 894 3250 magis.

195 3271 246 3322 Cic.
257 3272 275 3319 l.
285 3275 310 3320 0.
322 3271 391 3322 Fum.
400 3287 436 3336 cp.
448 3277 472 3322 3.
483 3274 496 3338 ς
507 3277 531 3322 4.
542 3273 568 3320 Si
579 3273 603 3319 id
614 3273 653 3319 rel
663 3278 719 3318 ante
729 3271 852 3319 ceciderit.
863 3273 881 3320 ι’.
888 3287 908 3321 e.
918 3273 995 3337 magis
1006 3273 1127 3321 acciderit.

158 3483 337 3549 expositionem
346 3492 439 3546 teneas.
470 3481 501 3531 In
522 3488 589 3530 tanta
597 3482 672 3545 igitur
682 3481 881 3544 significationum
892 3483 1075 3547 conspiratione,
1087 3501 1141 3548 ogo,
1157 3486 1178 3533 si
1189 3503 1258 3536 max.

159 3544 207 3597 ime
227 3549 307 3597 aliena
325 3557 388 3597 esset
402 3551 455 3597 baec
472 3548 588 3611 suspicio,
598 3554 678 3594 tamen
694 3547 790 3609 ellipsin
810 3547 887 3605 illam,
905 3565 976 3612 quani
993 3549 1053 3604 dixi,
1070 3551 1258 3613 comprobarem.

159 3615 219 3662 Haeo
230 3630 303 3676 quum
312 3617 353 3663 Jo.
364 3615 471 3663 Clericus
480 3627 529 3659 non
539 3619 620 3660 curate
630 3612 688 3659 satis
698 3610 874 3674 perpendisset,
888 3612 915 3661 in
931 3615 1049 3678 exemplis
1059 3616 1259 3680 subsequentibus

156 3685 211 3746 post
222 3680 348 3727 substituit
362 3693 405 3742 pro
421 3685 485 3733 onte,
502 3692 639 3741 quanquam
650 3678 721 3726 MSS.
732 3678 813 3725 omnia
823 3678 979 3742 refragantur.
1013 3681 1163 3730 Fuecioletus
1177 3691 1258 3732 autern

158 3745 338 3806 reprehendere
354 3759 423 3792 ausus
443 3750 488 3799 est,
509 3743 573 3807 quod
589 3759 644 3790 cum
656 3742 745 3790 ratione
763 3743 900 3806 impugnare
910 3759 958 3792 non
969 3752 1072 3808 poterat.
1104 3746 1137 3794 Et
1148 3762 1201 3810 quae
1212 3750 1260 3797 du-

159 3809 263 3858 bitanter
272 3825 336 3873 pono
351 3825 405 3873 ego,
416 3825 445 3856 ea
461 3808 483 3854 is
500 3817 527 3855 ut
537 3815 700 3856 asseveranter
717 3807 795 3871 posita
812 3808 934 3872 proponit.
972 3809 1112 3872 Suspicatus
1131 3811 1201 3859 modo
1222 3821 1258 3862 te.

159 3891 224 3924 mere
235 3875 360 3939 quidlibet,
372 3882 397 3922 et
411 3873 561 3936 suspiciones
575 3873 705 3936 exprobrat
714 3889 757 3937 pro
768 3873 906 3922 criminibus
915 3875 982 3938 ipsis.
1004 3874 1034 3922 Id
1051 3877 1115 3939 quod
1131 3878 1259 3926 calumnier

160 3942 291 3988 temerarie
302 3941 425 4002 proprium
436 3938 473 3994 sit,
486 3954 531 3986 nec
542 3954 582 3992 ne,
594 3938 637 3985 alii
646 3939 752 3987 rideant.
765 3938 835 4002 (Vid.
851 3940 933 3988 Neris.
949 3942 1077 4004 Cenotoplr.
1095 3941 1150 3990 Pis.
1169 3942 1185 3988 l.
1197 3947 1222 3992 2.
1235 3961 1257 3992 c.

161 4011 200 4082 17ἶ
208 4007 250 4081 ulii
261 4006 385 4053 formulam
403 4005 429 4052 in
443 4004 575 4115 epifi-diem
586 4003 678 4079 eodem.
690 4021 738 4080 qno
748 4011 836 4057 noster,
849 4004 919 4081 modo
929 4005 1103 4071 interpretatur,
1115 4014 1141 4054 et
1155 4008 1259 4056 afiorum

161 4069 1259 4204 ⁰¹'lslttitltfnlis&illitinitidisnlitidis...n-...„...

187 4200 204 4231 7
219 4200 338 4261 Velpone.
376 4200 427 4249 Cic.
443 4199 555 4252 Univers.
566 4216 591 4264 p.
602 4204 659 4250 203.
