2670 4636
47 260 163 345 ,avons
386 256 442 323 un
468 257 780 326 memnonem.
827 225 864 275 ·’
911 352 919 362 ,
991 328 998 339 ,
1086 268 1143 330 ³41
1223 328 1224 335 ι

53 412 115 457 49.
146 404 458 472 Philusoplri‚quodinreri
467 407 649 471 investigatione
660 413 792 466 versanb'sr,
803 411 929 472 propterse
975 409 1067 461 tisont.
1100 411 1140 462 14.

51 471 73 520 l.
85 475 126 522 la.
137 472 207 522 Fam.
217 490 253 537 ep.
263 477 304 524 28.
321 473 392 531 Quod
401 480 453 523 erat
462 481 530 522 retus
541 481 565 522 et
575 487 675 537 mugnus
684 488 758 530 emor,
768 479 896 538 propterea
905 489 921 521 n
956 489 997 524 om
1006 476 1141 539 periculum

53 550 100 599 pro
110 537 220 587 mendice
230 537 356 587 dubitarit.
373 538 436 588 inl.
446 537 575 589 1441114.
587 553 609 586 c.
617 541 658 587 42.
674 536 796 587 Interdum
804 537 916 588 adsciscit
926 555 960 590 eo.
979 540 1054 589 Cic-l
1069 540 1140 592 Verr.

52 615 78 649 c.
89 605 114 657 8.
144 601 198 650 Η44
207 603 317 665 interest,
325 610 404 651 utrum
412 602 437 650 id
445 618 503 651 onus
515 610 603 650 vosmet
613 602 660 666 ipsi
668 601 809 666 rejeceritis,
821 619 861 659 an,
871 602 936 665 quod
943 604 1041 667 prebere
1051 607 1141 670 populo

52 664 167 714 Romano
177 665 250 779 {dem
258 676 360 717 vestram
376 674 401 714 et
411 667 548 730 religionem
566 681 615 717 non
629 667 763 731 potueritis,
782 682 811 716 eo
823 668 891 718 vobis
903 667 1028 732 judicandi
1037 677 1142 734 potestne

54 730 184 795 ereptnsit
576 750 578 755 ·

388 832 428 878 15.
447 829 517 885 Quod
525 829 642 888 είς-44444
651 829 692 876 vel
701 826 813 890 prefecto.

32 916 38 935 ³
82 906 187 962 Quodsi
200 922 264 972 sepe
275 908 374 957 assumit
384 915 446 960 certe
462 917 504 957 out
512 910 624 973 profecto.
654 909 705 959 Cic.
716 911 734 958 l.
746 913 769 959 1.
779 911 849 960 Fora.
857 924 894 972 ep.
903 912 943 960 18.
974 909 1045 969 Quod
1060 910 1082 960 si
1097 911 1142 960 tibi

53 985 162 1085 pnpnarp
172 987 226 1093 sQurn
234 973 303 1087 paup
304 972 330 1019 in
341 974 537 1088 reppbh'ccngpptps
546 990 607 1086 38me
615 973 761 1087 efferim?
769 975 976 1089 {aupppdnirp‘tjos
987 990 1062 1097 egeni!
1077 975 1143 1023 Add.

66 1051 140 1084 ..4
201 1051 260 1086 atn-
302 1052 324 1085 r.
365 1055 459 1088 ..e
528 1055 611 1087 ..4.
655 1069 662 1085 .
702 1054 797 1088 rc...
856 1071 961 1088 ...
1017 1055 1031 1086 ιι
1078 1056 1142 1088 erm

54 1115 110 1148 eum
126 1108 266 1164 mepnrtem
282 1053 413 1159 incitiiem,
430 1103 535 1166 proiecto
541 1053 1038 1166 jamuliquamreperiremresii'tendiriam.
1053 1103 1144 1168 *Aua

55 1165 97 1214 Id.
108 1164 158 1212 1.1.
169 1167 200 1214 44
211 1166 313 1222 QnFn
324 1173 394 1229 end.
406 1167 457 1217 etl.
469 1171 494 1216 7.
506 1168 574 1217 Fam.
586 1183 622 1232 ep.
634 1171 761 1230 10.etpro
773 1168 846 1218 Arcb.
859 1183 881 1216 c.
892 1170 918 1214 2.
1139 1214 1145 1223 ,

89 1227 116 1253 ”
124 1228 229 1277 Additur
239 1237 319 1278 autem
328 1231 354 1278 in
364 1232 403 1279 his
414 1239 439 1279 et
455 1231 509 1278 eliis
524 1234 584 1295 qnod
598 1232 726 1294 eleganter,
739 1231 781 1280 ubi
796 1231 936 1280 inchoandae
952 1232 1052 1295 periodo
1065 1233 1088 1282 ei
1103 1239 1144 1281 aut

54 1292 112 1406 splip
124 1295 246 1407 pprticule
257 1311 306 1342 nun
317 1295 444 1354 sufficiunt,
454 1311 533 1359 neque
544 1295 660 1345 sustinere
675 1303 774 1359 possunt
787 1296 891 1347 frontem
901 1299 1042 1373 argumenti.
1067 1299 1144 1347 Boecl.

74 1372 117 1406 ιι.
156 1373 193 1408 4.

90 1373 185 1486 (Hebei
194 1430 274 1470 autern
281 1425 341 1486 qnod
351 1422 377 1470 in
388 1424 430 1471 hac
441 1423 516 1472 forma
522 1423 632 1480 eandem,
644 1439 713 1488 quarn
723 1431 795 1471 antea
803 1440 828 1471 n.
840 1412 880 1475 12.
897 1422 1058 1483 indicavimus,
1070 1424 1143 1489 signi-

55 1483 202 1534 ficationem.
235 1488 304 1535 Unde
323 1494 390 1551 patet
409 1489 489 1536 referri
506 1503 599 1551 semper
615 1489 646 1536 ad
665 1489 841 1548 antecedentia,
859 1504 938 1552 neque
955 1505 1026 1552 posse
1041 1491 1100 1552 poni
1117 1489 1144 1538 in

57 1551 176 1614 principio
185 1551 300 1599 universae
316 1553 438 1609 orationis,
454 1559 494 1599 aut
504 1554 625 1616 epistolae:
642 1553 707 1616 quud
717 1553 788 1600 etiam
799 1555 908 1617 exempla
917 1560 1023 1601 veterum
1041 1555 1142 1603 docent:

56 1614 137 1679 neque
147 1616 173 1664 in
190 1616 268 1666 media
278 1616 384 1681 periodo,
400 1624 441 1666 aut
450 1617 498 1666 alio
509 1618 559 1666 ullo
570 1618 633 1674 loco,
642 1617 690 1666 nisi
699 1622 754 1681 post
763 1627 887 1682 punctum,
895 1618 1015 1684 ponitur.)

414 1747 429 1778 ⁸
438 1751 478 1798 14.
496 1747 566 1804 Quod
574 1748 666 1798 si-noe
675 1747 715 1796 vel
725 1761 788 1797 uero.

76 1830 79 1834 '
96 1828 199 1891 cimmo
212 1829 307 1879 otnant
318 1833 392 1879 411.
425 1828 497 1887 Quod
510 1828 534 1877 ri·
542 1845 596 1906 qne
614 1830 735 1878 calamitae
753 1829 817 1876 hunc
835 1826 870 1885 iu¹
878 1829 923 1876 hoc
930 1827 1022 1892 judicio
1036 1827 1145 1876 afflixerit

56 1890 220 1949 innocentem,
231 1909 269 1940 nre
279 1895 325 1941 iste
335 1894 415 1949 miser,
423 1894 525 1958 judices,
537 1894 593 1943 erin
602 1895 653 1942 vita
661 1894 801 1940 remanebit.
816 1909 859 1955 pro
871 1893 939 1942 Mur.
948 1909 971 1941 c.
985 1898 1009 1942 4.
1042 1892 1111 1949 Quod
1124 1892 1146 1941 si

57 1954 118 2003 licet
128 1957 244 2012 desinere,
255 1973 300 2020 ego
309 1972 366 2005 vero
380 1958 481 2006 libenter
494 1959 586 2008 desino.
619 1958 695 2005 ‘Huc
706 1957 769 2005 refer
778 1957 839 2005 illud
852 1959 915 2007 Celsi
924 1956 994 2021 proef.
1006 1960 1057 2008 1.1.
1073 1955 1146 2014 Quod
1180 2010 1182 2015 ,

56 2019 138 2084 sijum
149 2021 240 2069 incidat
248 2022 305 2070 meli
321 2038 395 2086 genus
405 2023 502 2086 aliquod
512 2023 628 2087 ignotum,
637 2037 686 2071 non
697 2022 752 2070 ideo
769 2028 847 2070 tomen
857 2021 906 2070 fore
922 2021 1016 2072 medico
1030 2022 1060 2071 de
1073 2022 1147 2069 reboo

58 2083 212 2149 cogitandum
222 2086 328 2135 obscuris
338 2086 482 2135 existiment.
562 2086 565 2095 ’

270 2200 285 2229 '
295 2203 336 2248 1⁷.
355 2201 576 2270 (14444ἰῇ445νοί
586 2191 753 2265 quonamve!
764 2215 814 2256 cur,
825 2199 863 2247 vel
873 2213 937 2249 nam.

97 2277 408 2329 meneuwensis.
442 2279 543 2336 Quodsi
559 2295 641 2328 eorum
655 2274 773 2329 ricoelum
790 2281 862 2329 ruodo
872 2281 927 2335 hoc,
939 2277 1009 2327 modo
1019 2277 1061 2325 illo
1075 2277 1146 2326 modo

58 2345 215 2404 temperatur,
223 2343 350 2407 quipotest
361 2345 444 2392 eedem
452 2345 488 2392 vis
495 2359 547 2393 esse
553 2344 711 2409 nascentium,
728 2361 781 2394 cum
788 2345 840 2392 coeli
850 2351 918 2392 tenta
925 2341 1149 2391 nenenmfflmdo?

59 2406 78 2452 l.
89 2409 115 2454 4.
125 2407 201 2456 Aeoli.
212 2423 234 2465 c,
245 2413 269 2457 9.
302 2408 373 2466 Quod
385 2411 405 2457 ei
415 2410 493 2457 omnia
503 2411 552 2457 risa
563 2410 678 2475 ejusmodi
687 2416 776 2467 esseut,
787 2410 866 2473 qualis
876 2409 918 2456 isti
927 2409 1019 2470 dicunt,
1031 2407 1148 2469 quomodo

77 2470 199 2534 uempinm
207 2479 249 2520 eut
258 2473 402 2522 conclusisse
412 2474 510 2538 aliquid,
521 2475 690 2523 nutinvenisse
697 2474 843 2522 diceremus?
861 2474 878 2521 l.
888 2477 913 2521 2.
923 2476 952 2522 de
960 2475 1022 2522 Nat.
1033 2473 1067 2520 D.
1075 2487 1097 2518 c.
1106 2474 1147 2522 et.
1184 2486 1188 2500 ⁴

60 2485 136 2591 {nod
149 2537 169 2583 ai
181 2535 294 2584 mundum
304 2539 394 2586 efficere
405 2546 485 2601 potest
495 2553 621 2586 concursus
632 2548 771 2602 atomorum,
782 2554 824 2585 cur
833 2539 958 2602 porticum,
970 2553 1012 2586 cur
1023 2537 1148 2598 templum,

61 2612 105 2648 cur
115 2601 220 2657 domum,
229 2617 271 2649 cur
277 2602 359 2651 urbem
368 2619 415 2651 uon
423 2602 519 2667 potest?
537 2604 576 2652 ld.
587 2605 605 2650 l.
614 2607 638 2652 2.
647 2604 818 2652 4141244459.
827 2604 867 2651 Id.
876 2606 891 2650 7
906 2603 972 2651 Verr·
982 2619 1004 2650 c.
1014 2604 1054 2650 50.
1062 2607 1087 2645 et
1097 2601 1149 2648 Ne·

57 2678 105 2726 poe
121 2664 199 2715 Attio.
216 2683 237 2714 c.
249 2671 287 2715 10.
305 2669 388 2716 Coeeur
401 2668 417 2713 l.
429 2670 452 2715 1.
463 2669 497 2717 Β.
511 2667 543 2715 G.
559 2683 581 2714 c.
594 2671 633 2718 14.
649 2666 720 2724 Quod
734 2668 754 2713 si
765 2666 854 2715 veteris
873 2667 1021 2714 contumeliae
1039 2662 1149 2712 oblivisci

59 2729 146 2844 pellet,
162 2747 218 2845 nrpp
235 2730 306 2779 etiem
324 2732 459 2780 recentium
474 2730 614 2795 injuriarum
631 2731 767 2780 memoriam
780 2730 901 2795 deponere
918 2730 1016 2794 posset?
1035 2726 1088 2777 cte.
1101 2742 1149 2791 pro

86 2809 117 2844 cn
130 2827 137 2842 .
149 2809 171 2843 c.
215 2828 222 2843 .
773 2812 776 2823 ι

395 2895 434 2940 18.
454 2894 524 2948 Quod
539 2892 659 2956 si-quid,
673 2892 711 2940 rel
721 2897 816 2956 quanto.

99 2971 152 3021 cte.
163 2972 234 3022 Ornt.
243 2988 265 3020 c.
277 2977 317 3021 16.
332 2973 402 3029 Quod
418 2972 438 3020 si
448 2971 474 3019 in
484 2972 637 3035 philosophia
647 2980 740 3020 tanturn
748 2972 854 3028 interest,
868 2970 1067 3036 quemadmodum
1075 2972 1148 3032 dicas,

61 3035 123 3098 quid
132 3036 230 3084 tandem
239 3037 266 3084 in
276 3037 353 3085 causis
369 3037 552 3085 existimandum
563 3038 617 3085 est?
640 3038 678 3086 lt.
690 3053 711 3085 c.
723 3041 764 3086 48.
778 3044 802 3083 et
812 3039 841 3086 de
851 3039 909 3087 Fut.
918 3052 940 3085 c.
952 3041 992 3085 15.
1009 3037 1049 3086 Id.
1057 3039 1075 3085 l.
1087 3044 1110 3089 1.
1121 3041 1151 3089 dc

65 3101 140 3148 0444.
151 3116 174 3148 4.
184 3105 223 3150 59.
256 3101 327 3158 Quod
338 3100 357 3148 si
368 3102 393 3148 in
404 3111 472 3164 gestu
483 3103 542 3150 etin
554 3116 611 3149 voce
623 3102 744 3149 elaborare
754 3101 823 3148 nobis
839 3103 961 3158 nonlicet,
968 3104 1151 3164 quantominus

61 3171 102 3211 est
109 3164 204 3228 adjutis
216 3164 293 3213 civilis
301 3165 450 3229 perdiscendi
461 3166 640 3230 occupationem
651 3163 859 3214 descendendum?
877 3167 915 3215 It.
925 3182 948 3215 c.
958 3172 998 3216 69.
1008 3167 1069 3216 Loel.
1078 3183 1099 3214 c.
1109 3171 1150 3217 21.

62 3237 89 3276 44
99 3228 117 3275 l.
130 3232 154 3276 1.
162 3231 191 3278 dc
200 3230 258 3278 Fen.
269 3246 291 3278 4.
302 3232 342 3280 18.
362 3232 423 3279 Caee.
434 3232 468 3280 Β.
481 3233 511 3281 C.
523 3233 541 3278 l.
551 3237 575 3281 2.
587 3234 627 3279 el.

97 3291 112 3321 ⁸
120 3291 146 3340 Si
155 3293 442 3358 interrogationemnolis,
452 3303 585 3358 tumponee
595 3296 667 3344 molto
675 3309 731 3343 cunr
740 3294 909 3358 comparativo.
928 3296 1011 3345 Celeus
1018 3296 1036 3342 l.
1048 3301 1072 3344 1.
1081 3297 1152 3359 pref.

63 3355 168 3412 Quodsi
178 3359 302 3407 scientiam
319 3359 379 3408 banc
394 3375 443 3407 non
454 3360 565 3420 subjiciet
576 3361 673 3408 evidens
684 3374 762 3415 causa,
774 3359 937 3407 multominus
948 3374 999 3406 enm
1010 3375 1080 3423 posse
1095 3361 1151 3408 eub-

60 3421 149 3484 jicero,
161 3438 213 3484 qun
222 3424 250 3470 in
260 3423 332 3471 dubio
342 3429 388 3479 est,
401 3423 558 3472 contendunt.
586 3427 637 3473 Cic.
648 3425 666 3472 l.
677 3429 699 3473 l.
710 3428 739 3474 de
750 3426 844 3474 lacent.
856 3440 878 3471 c.
891 3427 930 3471 19.
947 3424 1048 3480 Quodsi
1059 3425 1153 3487 generis
1194 3436 1199 3445 '

63 3500 144 3598 {plnum
151 3495 230 3550 partes
239 3502 289 3536 non
298 3494 399 3552 possunt
409 3496 472 3537 recte
483 3488 568 3551 putari,
577 3490 653 3535 multo
664 3489 741 3537 minus
749 3497 813 3537 recte
824 3488 896 3551 partis
907 3502 984 3536 causae
994 3496 1072 3551 partes
1082 3498 1152 3551 puta·

116 3558 164 3599 tur.

382 3666 397 3695 '
409 3669 448 3714 19.
467 3666 536 3720 Quod
547 3665 752 3714 cti-nibilominus
762 3666 800 3712 vel
809 3671 844 3714 ut.
930 3648 933 3654 ³

101 3745 185 3795 Celsae
192 3746 208 3794 l.
217 3750 242 3794 8.
252 3763 274 3795 c.
285 3751 310 3794 5.
320 3745 392 3804 Quod
402 3745 423 3792 si
433 3744 502 3808 plura
511 3751 580 3791 erunt
588 3744 727 3807 fragmenta,
737 3744 890 3792 nibilominus
907 3742 1052 3792 intrinsecus
1062 3743 1155 3806 singula

62 3810 91 3858 in
101 3825 154 3859 sues
166 3812 235 3859 sedes
246 3811 326 3874 digitis
337 3818 405 3858 eruut
416 3809 586 3873 compellenda.
607 3810 658 3858 Cic.
669 3814 685 3858 2
696 3811 803 3872 Philipp.
813 3825 835 3858 c.
847 3814 888 3858 44.
906 3808 975 3864 Quod
986 3810 1006 3855 si
1016 3808 1108 3871 seipsos
1118 3808 1157 3856 illi

62 3876 295 3992 xxiiim&
315 3882 444 3939 conspectu
463 3883 544 3923 nostro
561 3874 717 3930 abstulerunt,
733 3881 759 3921 ot
772 3875 910 3938 exemplum
926 3872 985 3920 facti
1001 3873 1155 3935 reliquerunt.

362 4058 403 4104 29.
422 4057 490 4112 Quod
499 4055 640 4111 sir-tomen,
650 4055 687 4103 vel
705 4059 782 4105 tomen
794 4059 864 4104 certe.

100 4135 171 4184 Alius
187 4135 300 4185 adsciscit
316 4141 394 4185 tamen
411 4144 451 4184 not
462 4140 621 4185 tumescente.
639 4135 690 4184 Cic.
707 4150 750 4198 pro
761 4135 835 4185 Arci.
845 4151 867 4182 4.
879 4138 903 4182 7.
925 4133 998 4199 Quud
1013 4131 1035 4181 si
1047 4132 1092 4197 ipsi
1102 4134 1155 4182 hnc

65 4215 147 4263 neque
159 4215 230 4249 sensu
238 4208 318 4249 nostro
326 4213 419 4263 gustare
431 4215 563 4265 possemus,
580 4208 659 4249 tamen
667 4215 696 4248 ea
706 4200 785 4247 mirari
796 4200 944 4248 deberemus.
967 4197 1054 4246 *Aura
1066 4199 1105 4247 Id.
1114 4213 1156 4260 pre

68 4267 164 4316 Clucnt.
174 4281 196 4315 c.
208 4269 248 4315 88.
258 4274 284 4314 et
290 4281 334 4331 pro
345 4265 415 4316 Sext.
432 4284 454 4316 c.
464 4270 506 4318 24.
516 4275 541 4315 et
552 4271 567 4316 4
581 4266 637 4319 Coi.
648 4282 671 4316 4.
681 4268 723 4316 19.
749 4265 934 4319 1414444.
944 4267 1034 4327 epto.
1053 4261 1179 4317 -Qbst
