2670 4636
110 251 219 329 omn]
448 250 504 315 Du
532 249 775 314 Pelttlcutts
790 257 848 310 etc.
1149 251 1210 310 269

110 392 217 445 acutus
231 395 351 458 pullorum
364 395 460 448 citanda
477 405 527 445 eat:
544 404 570 445 et
579 398 610 447 ob
624 398 670 446 hoc
685 397 755 445 tertia
768 396 808 445 dio
826 409 966 447 caumatum
981 390 1054 444 matrs
1067 395 1209 447 continendi

108 466 177 508 cunt.
207 460 249 511 Id.
261 462 278 512 l.
290 466 362 513 11..c.
374 464 435 512 &et
444 464 463 511 1.
472 467 495 513 7.
506 480 527 513 6.
538 468 562 512 3.
584 464 667 515 Senes.
680 464 772 520 anct.
784 463 846 513 Nat.
856 461 872 509 l.
884 464 907 509 l.
916 477 939 508 c.
952 463 975 508 3.

548 560 563 589 ¹
593 593 599 606 .
682 576 741 607 o-
753 560 770 607 i.

146 638 238 690 666666
246 656 281 705 cp.
292 644 332 690 98.
347 641 470 706 Tanquam
480 657 527 689 non
536 561 727 691 fintimiibhnic
741 574 856 694 intuertur,
867 639 887 686 si
897 639 983 687 habere
994 638 1101 687 desierit.

178 737 195 766 ³¹
207 742 232 787 4.
248 739 285 788 06
292 739 317 788 id
328 747 353 786 ot
363 740 391 788 ob
400 756 453 803 qua
469 755 512 803 pro
525 744 652 802 propterea
662 738 723 785 nihil
734 736 822 785 suntin
832 735 978 785 orationibus
986 744 1011 784 et
1018 735 1135 799 epistolis.

115 823 119 829 “
145 817 201 867 Liv-
212 820 230 866 l.
241 822 281 867 26.
292 835 314 866 6.
325 823 349 868 2.
366 819 406 867 Ibi
414 819 440 869 in
449 834 508 868 cava
517 820 579 866 valle
587 825 659 880 atque
667 818 698 865 ob
706 817 731 864 id
740 817 842 870 occulta,
853 816 977 864 considere
988 817 1090 864 militem
1098 823 1122 863 et
1130 815 1210 863 cibum

112 896 201 946 capere
209 883 290 947 jubet.
305 884 370 932 Add.
381 884 485 934 Velleius
494 885 512 934 l.
523 887 547 931 2.
559 900 580 931 6.
592 885 648 931 112.
668 883 745 931 Tacit.
756 882 772 929 Ι.
784 887 808 931 2.
819 882 883 932 Ana.
899 897 922 930 6.
932 886 972 930 66.
983 881 1024 928 fin.
1034 890 1060 928 et
1070 883 1087 928 1.
1098 887 1121 930 3.
1133 897 1155 927 6.
1169 883 1209 929 76.

113 950 162 1011 64.
179 948 275 996 Dicitur
285 951 358 997 etiarn
366 950 394 997 ob
405 965 440 998 cc.
473 950 528 997 Liu.
541 948 556 994 l.
567 952 608 996 40.
619 963 641 996 c.
651 950 664 994 1
677 954 703 994 et
712 952 763 1015 46..

149 1013 228 1062 Tacit.
240 1014 255 1059 l.
266 1017 289 1062 2.
301 1015 365 1063 Artis.
376 1032 398 1062 c.
409 1018 448 1062 36.
459 1015 473 1077 6
485 1013 565 1063 11.-01)
576 1027 630 1076 quae
640 1019 762 1075 posterum
773 1010 838 1059 diem
847 1025 903 1059 reus
913 1010 1008 1074 petivit.

580 1111 618 1158 Ob
628 1125 671 1172 pro
681 1115 745 1158 oute.

147 1188 272 1237 Interdum
291 1199 327 1238 est
344 1197 407 1240 ‹cnte-
443 1192 495 1240 Cic.
504 1207 547 1255 pre
560 1191 621 1238 nab.
633 1192 702 1239 Pctt.
711 1207 734 1237 c.
746 1194 786 1239 14.
811 1188 911 1236 Rabirio
924 1204 988 1236 mors
1001 1190 1032 1237 ob
1051 1190 1131 1237 oculos
1147 1204 1211 1252 sape

113 1261 265 1303 versatnest.
299 1257 338 1305 Id.
348 1271 391 1319 pro
400 1257 500 1306 Sexte.
512 1260 552 1304 21.
570 1256 626 1302 Non
635 1254 828 1311 mihimors‚non
837 1255 937 1302 exilium
945 1256 976 1301 ob
984 1256 1067 1302 oculos
1078 1261 1211 1301 versantur.
1268 1300 1271 1304 .

115 1334 157 1367 cre
169 1319 246 1378 before
256 1335 295 1382 my
306 1337 376 1385 eyes5
391 1327 487 1384 present
500 1322 638 1371 themselves
647 1325 672 1369 co
682 1335 722 1383 my
732 1319 802 1373 victv.

538 1499 650 1548 CAPUT
678 1498 795 1548 CLXIII.

504 1617 551 1676 De
566 1615 714 1675 Aduerbio
732 1613 836 1674 Omni.
858 1692 862 1698 ¹

572 1749 595 1792 1.
615 1746 689 1801 Olim,
706 1760 767 1794 cum.

150 1826 223 1874 Orrn
238 1841 302 1889 saepe
317 1826 418 1873 assumit
435 1840 495 1874 cam.
532 1827 626 1874 Terent.
638 1825 716 1875 Andr.
728 1830 752 1872 6.
763 1830 786 1874 3.
804 1825 870 1873 Olim
883 1825 953 1880 istuc,
966 1825 1031 1878 olim,
1044 1840 1098 1871 cum
1113 1823 1148 1871 ita
1164 1824 1215 1870 ani-

118 1908 184 1938 mum
192 1891 288 1938 Induxti
298 1899 375 1945 tuum,
386 1892 448 1953 quod
461 1905 569 1953 cuperes,
580 1891 662 1952 aliquo
673 1898 745 1953 pacto
756 1889 908 1943 efficiendum
926 1889 981 1937 tibi.
1015 1889 1067 1937 Cic.
1079 1890 1095 1934 l.
1109 1893 1149 1938 12.
1160 1889 1215 1938 Arc.

116 1971 155 2019 sp.
167 1959 210 2011 ³9.
228 1956 348 2003 Sieusent
358 1957 413 2004 ullae
424 1956 565 2003 necessaria
579 1956 663 2006 literae.
675 1966 703 2002 ut
719 1963 787 2003 erant
804 1955 869 2011 olim,
887 1971 941 2003 cum
957 1954 1105 2002 brevioribus
1123 1953 1217 2007 diebus,

113 2029 200 2079 ,tamen
210 2020 317 2085 quotidie
329 2019 507 2084 respondebant
521 2020 621 2083 tempori
632 2020 759 2069 tabellarii.
784 2020 799 2049 “
809 2019 874 2067 Add.
887 2019 981 2068 Terent.
992 2019 1083 2069 Hectit.
1094 2025 1117 2067 6.
1130 2022 1152 2066 l.

434 2117 484 2167 Ι’2.
503 2118 700 2176 Olim—debiam
719 2118 900 2167 oliab—deinde.

152 2199 222 2248 Sues.
233 2199 325 2248 Dcmit.
336 2215 358 2248 6.
370 2203 393 2247 8.
410 2198 545 2247 Corneliam
550 2197 666 2260 virginem
674 2198 811 2255 maximam,
819 2199 953 2251 absolutam
959 2197 1137 2246 olim-dehinc
1146 2198 1219 2261 longo

117 2261 246 2312 intervallo
263 2264 389 2330 repetitam
400 2273 472 2326 atque
484 2264 617 2312 convictam
629 2264 712 2311 defodi
722 2263 858 2327 imperavit.

156 2329 233 2378 Tacit·
242 2327 307 2377 Ana.
318 2329 335 2374 l.
347 2333 386 2381 12.
396 2345 418 2376 6.
431 2331 468 2377 18.
479 2331 492 2392 6
506 2333 529 2377 l.
554 2327 636 2376 Frater
648 2329 724 2395 Cotys
734 2329 840 2392 proditor
855 2326 920 2383 olim,
938 2327 1025 2376 deinde
1039 2328 1112 2375 hostis
1128 2335 1218 2376 metue-

118 2394 199 2442 batur.
232 2394 271 2442 Id.
283 2393 351 2443 Hist.
362 2394 380 2440 l.
391 2399 414 2443 4.
426 2409 448 2443 6.
459 2398 500 2442 76.
510 2397 523 2458 6
534 2397 557 2442 3.

510 2480 522 2505 ⁸
534 2487 557 2530 3.
576 2484 716 2532 Olim-icc
726 2490 836 2547 tempore.

156 2564 210 2612 Cic.
220 2563 237 2610 1.
247 2567 270 2612 7.
284 2564 352 2612 Fam.
368 2579 404 2626 ep.
416 2569 457 2614 25.
475 2564 541 2612 Olim
557 2581 613 2613 cum
631 2580 730 2627 regnare
752 2564 953 2618 existimabimur.
969 2578 1018 2611 non
1037 2572 1085 2610 tam
1103 2563 1134 2613 ab
1154 2560 1220 2624 ullis.

119 2643 194 2692 quam
211 2629 260 2677 noc
272 2635 380 2690 ternpore
392 2629 502 2678 observor
511 2645 526 2677 a
536 2629 726 2679 familiarissimus
737 2630 839 2681 Caesaris
849 2629 969 2677 omnibus.

560 2728 574 2756 ³¹
586 2733 611 2777 4.
629 2729 788 2777 Olim-cmx.

158 2807 316 2860 66661131.
327 2807 342 2855 1.
354 2811 377 2856 l.
387 2825 410 2856 c.
421 2812 461 2856 67.
473 2809 520 2871 61.
537 2808 692 2857 Irritaveraut
710 2807 831 2855 turbidum
847 2807 971 2870 ingenium
990 2807 1105 2862 Helvetii,
1127 2807 1220 2857 Gallica

123 2887 191 2935 gens,
208 2873 266 2919 olim
276 2872 345 2918 armis
356 2873 535 2935 11116666,ωοι
549 2875 663 2921 memoria
678 2873 779 2920 nominis
796 2872 867 2919 clera.
900 2869 964 2921 Add.
975 2872 992 2919 l.
1004 2876 1027 2920 3.
1038 2889 1059 2920 6.
1070 2877 1110 2921 47.
1128 2876 1141 2938 6
1154 2877 1177 2921 3.
1195 2882 1221 2925 61

123 2940 189 2988 Ana.
199 2938 217 2983 l.
230 2941 253 2985 l.
263 2954 286 3002 c=
297 2939 359 3001 636
372 2941 396 2986 1.
414 2939 511 2988 Sueton-
524 2939 608 2987 Clond-
619 2953 640 2986 6.
651 2943 673 2985 1.
684 2947 708 2985 et
720 2938 810 2986 Neron.
823 2953 845 2985 c.
858 2940 897 2984 36.

342 3033 344 3037 ’
369 3039 392 3081 6.
411 3022 589 3092 Olim—nunc‚·
605 3035 745 3085 clim-tum
757 3035 794 3082 rel
806 3039 973 3091 tnac,-nunc.

158 3112 226 3163 Alias
236 3130 296 3165 nuuc
306 3115 407 3163 assumit
419 3116 457 3163 vel
469 3119 527 3165 tum.
563 3117 613 3164 Cic.
625 3117 642 3163 l.
653 3121 693 3165 16.
706 3116 775 3165 Fum-
787 3131 822 3180 cp.
834 3120 858 3164 4.
876 3116 937 3163 Eum
954 3118 1069 3165 honorem
1086 3119 1222 3180 neglectum

123 3195 139 3226 a
156 3194 195 3226 me
205 3179 271 3234 olim,
285 3195 348 3227 nunc
355 3179 414 3227 mihi
424 3181 585 3242 expetendum
595 3189 661 3244 puto.
695 3181 709 3210 ⁸
723 3181 786 3228 Add.
800 3183 838 3230 Id.
849 3182 966 3230 inPiscn.
978 3198 1000 3230 c.
1011 3187 1051 3231 27.
1069 3183 1149 3232 Tacit.
1157 3185 1175 3231 l.
1183 3188 1222 3233 16.

125 3260 148 3291 6.
161 3246 261 3306 2161.
274 3254 299 3292 et
309 3247 326 3291 l.
337 3248 376 3293 16.
387 3261 407 3293 6.
419 3249 460 3294 28.
470 3255 530 3293 extr.
540 3255 566 3293 et
579 3249 630 3295 Cio.
641 3248 658 3293 1.
669 3251 692 3295 9.
705 3247 774 3295 Fam.
785 3263 821 3310 ap.
837 3252 874 3293 16.
884 3254 911 3294 et
919 3262 962 3310 pro
973 3248 1058 3296 Plunc.
1068 3264 1088 3294 c.
1101 3252 1140 3295 14.

161 3309 256 3356 Terent.
267 3311 365 3357 Pbcrm.
378 3306 434 3358 aa.
452 3309 526 3365 Olim.
534 3327 591 3358 cums
598 3313 698 3360 honeste
709 3311 796 3374 potuit,
804 3322 855 3360 tum
862 3326 910 3358 non
918 3321 955 3359 est
965 3312 1020 3360 data
1030 3330 1036 3361 :
1053 3328 1115 3360 nunc
1129 3314 1222 3361 viduam

122 3372 354 3435 extrudimrpaect.
740 3385 748 3403 ·’

160 3436 237 3489 Tacit.
248 3439 265 3491 1.
273 3441 297 3487 2.
308 3439 371 3492 Anu.
383 3454 405 3490 c.
417 3442 458 3489 62.
470 3441 515 3502 62.
531 3439 588 3487 Erat
598 3440 661 3487 inter
669 3441 708 3488 Go
736 3441 874 3490 nesnobilis
880 3440 1086 3504 juvenis.nomine
1095 3439 1223 3501 Catualda,

124 3502 240 3565 profugue
249 3504 308 3554 olim
318 3505 342 3550 vi
353 3503 506 3559 Marobodui,
524 3512 550 3550 et
562 3513 629 3559 tunc,
640 3500 695 3551 dnb‘
730 3506 799 3553 rebus
812 3507 872 3571 ejus,
882 3505 999 3555 ultionem
1010 3521 1090 3553 66666.
1124 3506 1222 3555 Iule.

126 3567 197 3619 fltn.
209 3583 231 3618 c.
243 3571 283 3616 ll.
294 3571 308 3631 6
319 3572 343 3617 2.
361 3567 395 3615 Ut
405 3569 463 3626 olim
470 3567 562 3614 virtutis
571 3567 687 3615 molestiae
704 3585 745 3626 ue,
754 3578 812 3618 tunc
823 3572 974 3634 procacitatis
985 3580 1009 3618 et
1018 3570 1159 3632 petulantiae
1171 3587 1223 3619 cer·
1254 3583 1257 3591 '

124 3639 208 3681 tanen
217 3645 276 3687 erat.
309 3632 376 3683 aad.
388 3632 486 3683 Sueton-
501 3634 586 3681 Claud
598 3649 620 3680 6.
632 3633 742 3681 216116
755 3635 849 3686 Docuit.
862 3652 883 3683 c.
898 3641 934 3685 13.
946 3645 970 3683 et
980 3635 1005 3682 in
1017 3634 1081 3695 Aug.
1092 3652 1114 3682 6.
1126 3640 1166 3685 64.

552 3730 567 3759 1
579 3734 603 3778 6.
624 3730 803 3793 Olim-nupcr.

162 3809 215 3860 Cic.
228 3809 244 3856 l.
255 3812 318 3859 2.de
330 3810 415 3859 Dicin.
432 3826 454 3857 c.
466 3813 505 3857 26.
523 3809 587 3867 Quid
604 3818 645 3857 aut
661 3816 764 3862 ostenta,
780 3819 820 3857 aut
834 3827 914 3859 eorum
923 3811 1075 3876 interpretes,
1086 3813 1124 3860 vel
1142 3813 1224 3862 Lacae-

125 3874 252 3922 demonios
268 3875 334 3930 olim,
349 3876 389 3922 vel
406 3890 484 3938 nuper
501 3882 595 3922 nostros
615 3874 772 3938 adjuverunt?
808 3875 884 3924 Tucit.
906 3877 921 3922 Ι.
937 3882 961 3926 4.
982 3878 1053 3926 llice.
1067 3894 1089 3924 c.
1108 3883 1148 3926 57.
1164 3882 1177 3943 6
1200 3886 1224 3928 3.
1316 3890 1322 3896 ’

125 3938 221 3987 Vocula
242 3938 345 3995 dicebat,
356 3940 390 3987 sic
401 3939 457 3987 olim
474 3940 618 3988 Sacrovirum
629 3948 655 3986 et
666 3936 769 3994 AEduos,
787 3955 862 4000 nuper
875 3941 1000 3990 Vindicem
1016 3942 1166 4005 Galliasque,
1176 3945 1225 3991 sin-

124 4004 190 4065 gulis
200 4004 289 4066 proeliis
299 4004 439 4052 concidisse.

304 4101 336 4130 '¹'
348 4107 372 4150 7.
393 4102 458 4150 Olim
469 4118 523 4150 cum
533 4103 612 4149 futuro
624 4111 730 4165 tempore
741 4101 884 4149 rarissimum
895 4111 933 4147 est
943 4103 966 4148 in
975 4117 1053 4164 prosa.

160 4180 194 4227 D.
213 4179 271 4227 Non
283 4188 364 4229 autem
374 4182 489 4243 praeteriti
504 4190 596 4231 tantum
611 4183 726 4249 temporis
742 4181 939 4246 significationem
952 4183 1054 4245 obtinet.
1064 4194 1091 4232 ut
1103 4186 1133 4235 iu
1143 4201 1229 4233 exem-

127 4245 175 4308 plis
191 4245 397 4307 antecedentibus,
416 4248 457 4295 sed
467 4256 494 4294 et
503 4249 587 4298 futuri.
625 4249 715 4313 Vtrgtt.
727 4251 785 4300 AEn.
794 4249 952 4298 116631.

156 4309 230 4356 Hunc
246 4318 270 4357 16
286 4311 343 4358 olim
366 4312 424 4359 coeln
443 4316 528 4378 spoliis
547 4317 649 4367 orientis
670 4325 787 4367 onustum
813 4315 968 4382 noerius-
986 4313 1100 4371 autaut.
1112 4313 1228 4361 mbr.
1241 4312 1272 4354 l.
