2670 4636
83 236 208 312 arun]
287 266 293 271 -
449 234 504 293 na
537 232 857 318 Panrrcuursae.
1050 198 1053 209 ’
1123 242 1179 300 tre

450 399 474 441 3.
487 396 570 443 litium
586 395 757 456 redarguentis,
768 394 826 443 alra.

117 473 300 534 Nonnunquam
310 474 359 520 vim
376 473 449 520 habet
460 473 625 536 redarguendi.
652 467 703 523 Cic.
717 480 729 523 1
745 477 810 525 Verr.
829 490 849 522 c.
861 478 902 523 66.
911 474 938 522 Is
948 475 1006 523 mihi
1018 479 1089 525 etiarn
1100 479 1180 541 queri·

83 546 133 593 tur,
144 538 210 600 quod
221 552 236 584 a
256 538 324 584 nobis
340 545 395 584 octo
406 535 463 585 solis
473 537 557 584 diebus
568 539 645 600 prima
655 539 717 585 actio
727 540 765 585 sui
772 537 858 602 judicii
868 545 988 586 mansueta
998 541 1027 586 sit
1033 558 1040 598 ;
1051 559 1105 589 curn
1115 544 1180 606 apud

82 603 165 664 ipsurn
182 601 258 652 tribus
275 601 340 648 horis
357 601 465 663 Opimius
482 601 551 656 borra,
572 602 685 655 fortunas,
702 615 839 649 ornamenta
853 604 934 649 omnia
954 605 1111 655 amiseritis
1127 608 1180 656 stitt

82 667 223 728 compluitis,
240 666 292 714 tltat
309 681 344 712 roe
358 666 384 713 ἐπ
398 680 427 713 rto
446 679 509 714 ruore
527 666 584 712 tirou
601 665 666 724 eigitt
679 668 746 728 (loys,
764 667 805 728 isc.
821 666 860 713 ld.
873 670 887 713 2
899 667 965 715 Piril.
975 684 996 714 c.
1008 671 1048 716 ab.
1061 669 1095 715 At·
1106 671 1177 718 etiarn

83 729 192 791 adspicis
202 744 251 786 me,
261 735 287 775 et
297 727 402 790 quidem,
419 740 446 775 ut
455 728 552 783 vitieris,
563 729 647 776 iratus.
663 732 712 777 aad
722 732 802 779 datust
813 729 865 777 rtitt
876 734 900 777 to
909 731 962 778 loolr
973 746 1009 779 me
1025 733 1051 780 itt
1067 733 1179 793 tiresum.

83 793 152 856 Lege
163 797 188 842 et
197 793 280 843 uiam.
315 791 330 820 ¹*
345 793 408 841 lm
424 793 494 840 Vera.
506 808 527 840 c.
538 795 578 841 42.
590 800 649 840 extr.

497 891 521 935 4.
537 889 618 936 Etiam
628 889 772 936 affirmantis.

108 966 177 1014 .Non
190 981 244 1026 raro
256 967 304 1012 rim
315 966 387 1011 habet
398 965 536 1011 affirmandi.
559 967 610 1014 Cic.
623 966 640 1013 Ι.
658 971 683 1015 4.
695 967 772 1015 Acuti.
785 983 806 1014 c.
822 972 862 1016 82.
874 969 976 1031 Sapiens
986 971 1179 1033 probabilitatem

84 1034 198 1094 sequens,
214 1031 349 1092 ubicunque
366 1033 417 1076 haec
434 1029 537 1076 occurrit
553 1037 595 1076 aut
605 1029 695 1084 deficit,
705 1037 747 1077 aut
762 1033 842 1087 etiarn,
862 1040 961 1080 autnon
972 1035 1110 1097 respondet.
1139 1038 1178 1086 Id.

82 1109 128 1157 pro
139 1095 211 1144 Rosa.
224 1091 290 1142 Corra
302 1109 324 1140 c.
335 1096 359 1140 8.
376 1093 462 1140 Utrum
473 1092 499 1138 iu
511 1091 625 1140 codiceur·
635 1095 727 1155 accepti
738 1101 763 1140 et
774 1097 872 1156 expensi
883 1107 962 1144 cetera
973 1100 1070 1146 nomina
1085 1101 1178 1164 digesta
1271 1145 1277 1150 .

85 1158 169 1211 trabes,
191 1158 287 1204 annon?
315 1156 339 1203 Si
355 1171 412 1212 uon,
430 1155 548 1218 quomodo
565 1156 659 1204 tabulas
678 1156 792 1204 conficis?
812 1160 836 1206 st
856 1161 935 1215 etiarn,
956 1161 1109 1223 quomobrem
1131 1165 1177 1212 hon

84 1237 175 1269 nomen
185 1221 290 1268 triennio
301 1220 401 1281 amplius
410 1220 436 1266 in
448 1219 589 1267 adversariis
598 1221 765 1280 relinquebas?
787 1222 812 1280 is
817 1224 911 1286 'pouauy
927 1225 981 1279 Yes,
992 1227 1104 1274 iomisit
1116 1229 1178 1283 tuat,

84 1289 127 1349 irc.
162 1286 177 1314 ³
188 1286 229 1333 Id.
244 1287 262 1332 l.
275 1290 298 1333 1.
310 1286 339 1332 de
352 1285 413 1332 Nat.
427 1283 499 1330 Dour.
510 1299 532 1331 c.
545 1287 586 1331 25.
597 1286 644 1330 eti
660 1285 729 1333 Verr.
739 1301 762 1332 c.
771 1288 812 1333 29.

258 1381 283 1422 5.
294 1375 378 1423 litium
387 1379 458 1436 atque
468 1375 540 1422 atium
546 1389 644 1430 ;—orrar
653 1379 701 1424 aad
711 1391 766 1425 over
776 1377 857 1437 ugoirr,
868 1381 1010 1442 repeatedly.

116 1452 203 1502 Etiam
216 1459 288 1517 utque
299 1454 371 1502 etiam
387 1461 422 1499 est
433 1454 519 1501 iterum
537 1458 608 1515 utque
624 1455 718 1502 iterum.
753 1455 804 1503 Cic.
821 1457 837 1502 l.
853 1461 876 1504 1.
896 1459 981 1512 Quint.
994 1460 1039 1506 Fr.
1049 1474 1084 1520 ep.
1095 1467 1118 1509 1.
1141 1463 1176 1510 Te

83 1531 178 1580 prorsus
198 1519 352 1565 veliementer
360 1517 434 1564 etiam
444 1525 515 1578 atque
533 1517 606 1563 etiam
616 1532 682 1576 rogo.
698 1520 710 1565 1
722 1519 766 1578 beg
775 1519 854 1581 usyutr
864 1523 984 1584 argentm.
1023 1524 1062 1571 Iri.
1079 1539 1121 1585 pro
1130 1528 1178 1587 leg.

84 1581 175 1628 Martii.
187 1598 210 1629 c.
221 1585 260 1629 10.
276 1582 356 1628 Etiam
374 1587 446 1642 atque
463 1581 536 1627 etiam
553 1579 594 1640 qui
610 1579 636 1626 id
653 1581 734 1632 liceat.
752 1583 934 1629 considerabunt
951 1586 976 1639 ii,
992 1588 1032 1646 qui
1049 1581 1176 1636 minantur.

83 1645 221 1705 emungi
230 1647 255 1693 irr
267 1645 550 1703 tteirmirrusugaiuard
558 1644 640 1704 again.
658 1646 696 1692 Id.
708 1646 731 1691 in
744 1647 824 1693 Caecii.
835 1662 857 1693 c.
869 1649 909 1693 12.
928 1646 965 1693 Tu
976 1651 1176 1708 quemadmodum

83 1706 219 1763 existimes,
237 1710 293 1754 vide
305 1708 375 1755 etiarn
392 1717 463 1769 atque
480 1708 560 1754 etiuru.
593 1707 681 1757 *Adu
693 1708 709 1753 Ι.
722 1711 745 1755 6.
766 1709 834 1757 Fam.
850 1725 886 1771 ep.
903 1715 925 1758 1.
937 1720 961 1758 ct
977 1711 993 1758 Ι.
1004 1715 1028 1760 6.
1039 1729 1075 1776 ep.
1085 1717 1126 1762 23.
1137 1717 1175 1764 iu-

83 1772 171 1834 primis
184 1773 236 1821 Cia·
249 1774 319 1821 Taso.
330 1773 348 1818 Ι.
360 1774 383 1818 0.
395 1787 416 1819 c.
427 1775 467 1820 28.
478 1781 504 1818 et
513 1772 528 1818 l.
540 1776 578 1819 la.
592 1772 660 1822 Fum.
672 1787 707 1834 ep.
719 1775 760 1820 28.
772 1774 785 1836 §
797 1778 821 1821 0.
1151 1782 1160 1799 ·

472 1865 486 1893 ⁴
497 1871 522 1913 6.
540 1865 624 1914 Etiam
635 1881 678 1928 pro
693 1867 796 1915 etiamsi.

117 1944 201 1995 Etiam
212 1945 306 2005 ponitur
314 1959 357 2007 pro
365 1943 467 1997 etiamsi.
477 1959 549 2006 quum
558 1945 680 2005 ablativis
688 1947 881 2008 consequentiam
894 1948 1073 2011 designantibus
1082 1953 1176 2001 additur

82 2009 124 2054 vel
133 2009 278 2071 participiis.
312 2009 363 2056 Cic.
374 2009 391 2054 Ι.
402 2015 426 2056 0.
446 2009 513 2056 Fam.
524 2023 559 2069 ep.
572 2012 609 2059 10.
627 2009 666 2055 De
685 2025 722 2063 eo,
735 2010 805 2056 etiarn
817 2012 876 2058 nihil
893 2013 1009 2060 scribente
1019 2030 1067 2071 me,
1086 2025 1110 2063 te
1126 2033 1175 2065 nou

82 2071 196 2119 dubitare
207 2082 273 2120 certo
283 2072 342 2119 scio.
354 2081 379 2118 et
389 2087 432 2131 pro
444 2073 500 2120 Mil.
516 2089 537 2119 c.
549 2076 589 2119 26.
608 2072 674 2120 Piitt.
687 2073 723 2119 H.
736 2075 764 2120 N
765 2107 770 2117 .
784 2073 799 2118 Ι.
812 2077 834 2120 8.
845 2090 866 2121 c.
877 2078 918 2123 69.
933 2077 1044 2126 Cochiere
1056 2081 1128 2126 etiam
1137 2082 1175 2129 in·

78 2133 145 2195 juria
155 2137 299 2198 resupinatis
310 2136 455 2197 avulsaeque,
466 2150 513 2181 non
525 2144 603 2182 tomen
612 2144 709 2182 exeunt.
744 2138 795 2184 Cic.
806 2138 823 2184 l.
835 2144 858 2185 ⁶.
872 2139 940 2186 Foru.
949 2156 983 2203 ep.
993 2144 1017 2190 2.
1028 2143 1041 2202 i
1052 2147 1092 2192 27.
1109 2144 1138 2190 In
1150 2152 1174 2191 te

82 2199 164 2247 animo
175 2200 212 2246 iui
229 2201 262 2247 ita
273 2199 360 2253 stabili,
373 2206 399 2244 ut
416 2200 439 2244 in
455 2214 509 2244 mea
519 2213 575 2260 erga
593 2208 617 2246 tc
627 2200 758 2256 voluntate,
769 2201 841 2247 etium
858 2201 965 2250 desertus
976 2205 1005 2250 ab
1021 2207 1104 2254 officiis
1115 2211 1173 2264 tuis,

82 2277 260 2324 permanerem.

714 2321 721 2340 .

382 2360 397 2389 “
408 2364 431 2408 i.
444 2361 526 2409 Etiam
536 2375 581 2408 rtoa
592 2375 635 2422 pro
645 2374 674 2407 tre
684 2359 778 2422 quidem
788 2360 942 2411 rarissimum.

117 2441 190 2516 Ptin.
196 2442 233 2489 H.
246 2444 281 2489 N.
292 2442 308 2488 Ι.
319 2445 360 2490 26.
375 2458 397 2488 c.
408 2446 431 2490 2.
449 2440 479 2487 ld
491 2440 551 2488 Cato
562 2439 645 2501 paucis
655 2439 771 2487 duntaxat
782 2440 870 2501 attigit,
888 2441 956 2489 bourn
968 2444 1041 2492 etiam
1057 2449 1175 2497 medicina

81 2518 133 2550 uon
143 2520 241 2552 onussa.

301 2601 316 2630 ⁸
328 2605 351 2648 6.
363 2602 520 2650 Etiarrr-oeri
528 2617 537 2657 ,·
546 2602 745 2662 etium—quidem
751 2593 962 2658 ,sertum-tumus.

117 2682 244 2731 Interdum
253 2691 350 2730 mutuus
360 2681 458 2745 quidam
469 2690 591 2743 respectus
600 2681 662 2727 inter
670 2682 742 2729 etium
752 2688 778 2727 et
790 2683 831 2730 aad
841 2681 988 2730 intercedere
1003 2684 1104 2732 videtur.
1122 2688 1176 2737 Cic.-

83 2747 161 2797 Brut.
173 2763 196 2796 c.
204 2751 245 2796 90.
261 2747 443 2794 commentabar
453 2744 607 2792 declamitans
616 2760 680 2806 saepe
692 2760 746 2791 cum
755 2745 960 2806 aliquoquotidie:
978 2747 1051 2809 idque
1058 2749 1175 2801 faciebam

82 2812 186 2858 multum
195 2812 268 2859 etiarn
280 2811 374 2865 Latine,
387 2810 430 2859 sed
441 2809 526 2856 Graece
540 2809 636 2870 sapius.
654 2808 744 2869 (Immo
755 2811 795 2854 sed
805 2808 902 2869 'respicit
912 2811 1030 2870 mulium.)

117 2873 244 2922 Interdum
254 2875 352 2935 respicit
361 2876 464 2936 quidem,
481 2873 543 2933 quod
557 2879 607 2917 turn
630 2870 804 2932 conjunctionis
814 2886 868 2918 uero
886 2872 1084 2931 significationem
1094 2877 1176 2925 habet.

87 2939 141 2987 cta.
152 2938 246 2987 Portit-
257 2955 279 2986 c.
290 2942 314 2986 6.
326 2937 374 2982 Am
392 2936 490 2984 lificatio
501 2932 641 2995 quamquam
659 2935 730 2979 habet
739 2934 858 2994 proprium
868 2933 956 2991 locuta,
968 2951 1032 2996 saepe
1043 2939 1115 2986 etiam
1126 2941 1175 3001 pri·

83 3017 157 3058 muro,
168 3009 312 3064 postremum
324 3002 363 3062 qui
382 3015 418 3046 eru
429 3000 477 3047 iere
490 3013 596 3059 semper5
613 3009 692 3043 tamen
704 2997 794 3059 reliquo
804 2997 830 3043 iu
840 3012 909 3046 cursu
920 2999 1032 3047 orationis
1042 3001 1178 3053 adhibenda

84 3074 132 3115 est.

118 3129 205 3177 Nexus
215 3129 313 3191 quidam
322 3127 477 3174 videturesse
487 3138 658 3184 nonnunquam
667 3123 841 3186 conjunctionis
850 3125 923 3173 etium
933 3141 987 3172 cum
998 3133 1084 3176 tomen.
1105 3130 1176 3180 Vorr.

84 3192 116 3241 L.
127 3193 159 3242 Ι..
175 3193 194 3241 Ι.
206 3196 230 3240 8.
247 3209 269 3240 c.
284 3197 324 3242 22.
334 3191 423 3258 ΙΕιίωιι
435 3192 474 3238 ubi
486 3188 610 3236 dissimilis
622 3189 699 3244 ioetus,
709 3195 737 3234 ut
754 3203 786 3234 ex
803 3202 865 3249 equa
879 3198 905 3235 et
915 3189 982 3237 asino
994 3192 1083 3239 rutulus:
1096 3200 1177 3243 temen
1266 3218 1268 3225 ·

84 3257 132 3304 tssn
141 3257 261 3320 mulsum
349 3318 364 3348 ,
375 3324 399 3368 9·
411 3316 569 3366 Etiam-tort
582 3317 663 3372 modu
682 3317 831 3365 etium—noa
841 3319 923 3366 solum·

120 3402 174 3451 cte.
184 3403 202 3448 Ι.
214 3405 239 3450 3.
247 3402 275 3448 tle
285 3397 337 3460 Off.
348 3402 415 3445 c.l9.
436 3395 499 3442 Huic
510 3394 635 3448 virobono,
645 3408 717 3455 quem
727 3395 830 3442 Fimbria
836 3396 916 3451 etiam,
928 3410 977 3443 non
988 3398 1059 3445 modo
1069 3401 1178 3449 Socrates
1276 3413 1279 3423 ·

84 3472 194 3529 noverat,
206 3465 270 3510 nullo
280 3463 351 3509 modo
361 3460 437 3508 videri
451 3467 529 3520 potest
539 3458 664 3519 quicquam
682 3472 735 3506 esse
752 3459 819 3512 utile,
836 3460 900 3520 quod
918 3460 1045 3508 honestum
1055 3465 1093 3509 sit.
1112 3465 1177 3526 Lege

84 3532 218 3579 maudo.
246 3529 286 3575 Id.
303 3526 320 3573 Ι.
332 3531 356 3575 2.
373 3525 427 3574 Atr.
437 3539 474 3584 ep.
490 3527 531 3571 21.
548 3522 582 3569 Ut
598 3520 713 3568 demissus
725 3523 789 3568 erat!
817 3525 908 3586 utipse
923 3524 996 3570 etiam
1012 3525 1065 3580 sibi,
1082 3542 1131 3574 non
1148 3529 1177 3575 iis

71 3594 172 3650 sulm,
183 3591 226 3656 qui
238 3591 346 3646 aderant,
362 3587 513 3650 displicebat.
535 3586 599 3648 che
611 3599 658 3632 aon
669 3588 752 3634 solunt.
1034 3588 1037 3591 '

547 3676 563 3710 ΙΙ
573 3680 723 3728 Admonitio.

117 3770 204 3819 Etiam
219 3732 284 3830 saepe
302 3766 459 3818 desideratur,
475 3762 496 3809 si
512 3776 558 3809 nort
574 3762 657 3833 solum,
672 3775 718 3808 aaa
735 3761 801 3809 modo
818 3767 940 3821 sequatur.
973 3761 1089 3826 Exempla
1105 3764 1179 3814 multa

85 3840 199 3898 suggeret
208 3833 283 3881 lectio
294 3828 545 3896 prestantissimorum
555 3833 706 3887 scriptorum.

348 3954 351 3959 ν
391 3924 406 3953 “
417 3929 455 3974 10.
466 3922 665 3971 Etiam-aeuum
677 3919 822 3966 rarissimum
832 3927 877 3966 cst.

118 4012 205 4060 Etiam
222 4008 343 4056 interdum
358 4006 495 4068 adjunctum
516 4001 588 4048 habet
605 4002 696 4048 nedum.
723 3999 779 4048 Lis.
800 4000 817 4046 Ι.
833 4003 857 4047 7.
873 4015 895 4046 c.
912 4004 953 4047 40.
972 4000 1095 4057 Quintius,
1107 4018 1179 4065 quem

85 4088 205 4124 armorum
216 4073 290 4121 etiam
297 4086 341 4135 pro
351 4070 428 4133 patria
436 4068 534 4116 satietas
541 4069 643 4117 teneret,
655 4063 743 4111 nedum
754 4061 866 4110 adversos
876 4062 986 4125 patriam.
995 4066 1025 4111 ad
1035 4066 1180 4128 colloquium

86 4138 213 4202 procreauit.
238 4136 335 4187 Sueten
354 4135 440 4183 Cluati.
457 4148 479 4179 c.
496 4132 537 4179 40.
551 4127 620 4175 Talis
630 4127 703 4174 etiam
720 4125 817 4189 priuatis
834 4125 1058 4190 deformia,netlom
1068 4130 1181 4192 principi.

89 4203 168 4252 Ταῦ.
178 4203 250 4250 omi·
262 4216 285 4249 c·
296 4199 358 4262 πώ
368 4203 391 4248 3,
416 4197 507 4246 comm-
520 4193 537 4240 l·
549 4194 572 4240 8·
584 4207 607 4240 6·
619 4194 658 4239 u·
675 4191 759 4241 seim·
770 4204 806 4252 ep·
817 4193 857 4239 ⁵³0
867 4204 892 4251 pt
904 4193 960 4241 ΜΞ·
977 4191 1104 4256 (Comum
1115 4201 1178 4243 stete

87 4267 120 4315 sic
131 4265 243 4329 dicitur.)
