2670 4636
86 169 172 251 sur]
457 167 514 231 Du.
545 167 786 230 PARTICULIS
808 177 866 233 etc.
1144 173 1185 235 ⁷3

85 330 192 394 quadiu
199 329 296 397 majore.
308 331 360 380 Cia.
366 346 411 396 pro
422 330 477 380 Mil.
484 335 535 380 14.
545 331 620 395 Atqui
629 332 648 380 si
658 340 753 397 tempus
765 339 802 381 est
811 332 889 379 ullum
894 331 950 396 jme
959 332 1064 381 hominis
1072 333 1184 392 amandi,

85 409 143 458 quc
156 394 231 443 multa
247 402 313 452 sunt.
323 403 389 445 certe
405 396 466 444 illud
480 405 518 444 est
532 404 579 446 cet.
592 398 633 446 bat
643 397 668 458 is
676 399 742 447 there
758 413 803 447 cna
814 399 841 446 be
851 411 882 446 un
893 399 999 447 11111111
1016 400 1054 460 (us
1066 399 1133 449 there
1142 413 1186 450 ore

84 459 184 524 many),
195 476 257 524 upon
265 461 370 510 satiabit
380 463 401 510 is
411 461 479 522 rigat
489 468 513 510 ta
524 464 580 512 take
589 469 656 526 away
668 462 765 511 amun’s
772 463 823 537 life.
833 464 874 522 dc.
882 460 904 493 ¹⁸
915 463 1095 512 1111111111.
1106 463 1184 525 Atqui

85 533 140 636 11ιὲ
149 524 460 640 idgffmrdffldssimm
468 533 494 573 et
503 526 645 575 fortissimus
657 527 738 576 consul
749 528 859 575 immicus
874 525 970 576 Clodio.
989 527 1049 576 *Ia
1058 543 1102 591 pro
1111 529 1184 577 Arci.

85 604 111 640 c.
140 605 172 638 .e
231 605 351 640 senem.
394 622 401 638 .

502 674 525 719 2.
544 671 622 735 Atqui
630 687 673 735 pro
683 676 709 721 at
720 687 783 721 nero.

121 748 301 812 Nonnunquam
312 751 451 799 adversatur
461 751 580 807 similiter,
598 757 659 800 utut
670 767 732 801 uero.
760 751 836 800 Cina
848 752 910 814 Agr.
922 768 944 800 c.
952 757 976 802 6.
993 752 1048 802 Hoc
1059 753 1138 801 animo
1149 753 1184 802 le-

87 827 146 876 gem
162 815 236 862 sumai
252 816 278 862 ira
290 831 382 872 manus,
392 824 419 863 ut
428 832 480 864 eam
492 831 606 878 cuperem
616 831 668 864 esse
679 815 806 878 ejusmodi,
825 831 895 880 quam
907 816 997 865 Consul
1007 825 1032 864 et
1048 819 1148 866 honeste
1160 826 1187 867 et

86 878 190 926 libenter
208 887 290 942 posset
299 880 437 937 defendere.
470 878 545 942 Atqui
561 895 606 944 ego
625 896 640 928 a
658 881 735 943 primo
748 883 827 943 capite
843 882 904 943 legin
914 897 989 944 usque
1006 881 1038 929 ad
1050 891 1186 932 extremum

86 943 192 1006 reperio,
204 945 317 1000 Quirites,
337 946 398 992 nihil
408 945 475 993 aliud
486 945 625 1006 cogitatum.
640 945 687 992 nisi
704 955 731 1002 ut
750 945 835 993 decem
851 960 919 1007 reges
930 946 1004 993 aerarii
1014 947 1187 995 constitueren-

88 1014 137 1054 tur.
160 1009 199 1058 Id.
211 1013 226 1057 1
238 1010 385 1060 11111186.
396 1015 423 1057 et
432 1011 506 1060 Brut.
512 1025 533 1056 c.
542 1014 580 1059 15.
591 1014 633 1058 etl
643 1010 845 1058 Porud.c.2.et3
855 1011 947 1059 Porud.
955 1015 1005 1058 c.l.
1016 1018 1042 1058 et
1052 1013 1068 1061 l.
1074 1016 1098 1060 7.
1109 1012 1187 1061 Attic.

118 1104 125 1117 .
136 1076 160 1119 7.

86 1086 180 1185 epHuc
187 1137 250 1186 refer
256 1153 311 1186 eum
317 1151 395 1194 usum,
403 1136 511 1202 quumin
520 1137 715 1200 responsionibus
726 1152 769 1202 pro
778 1154 842 1202 vero,
851 1140 914 1188 euim
924 1156 978 1190 vero
996 1141 1102 1203 ponitur.
1128 1140 1186 1190 vid.

91 1199 144 1250 Cic.
155 1204 185 1250 de
198 1203 268 1252 Orat.
290 1205 308 1251 l.
320 1206 342 1250 1.
353 1220 375 1252 c.
387 1207 427 1252 36.
443 1203 496 1251 etl.
512 1205 536 1250 2.
548 1218 570 1249 c.
582 1206 700 1252 141150.
718 1203 782 1250 Item
797 1206 827 1252 de
842 1210 928 1254 reuect.
945 1221 967 1252 c.
981 1209 1021 1254 17.
1038 1210 1069 1270 (2
1083 1206 1153 1257 Verr.
1164 1222 1186 1256 c.

88 1269 132 1315 59.
142 1267 245 1316 Modum
255 1275 383 1316 statuarum
392 1267 474 1316 haberi
484 1267 576 1314 nullum
586 1267 683 1331 placet?
702 1268 768 1330 atqui
779 1268 893 1316 habentur
903 1285 1003 1318 necesse
1013 1271 1075 1336 est.)

402 1386 426 1430 1.
438 1380 516 1444 Atqui
525 1397 569 1445 pro
581 1386 704 1436 ettamen,
715 1380 879 1445 (enimvero.)
913 1439 917 1444 ,

122 1459 248 1509 Interdum
264 1462 371 1510 declarat
380 1467 404 1512 et
419 1467 508 1511 tumea.
522 1463 574 1510 Cic.
585 1465 598 1509 1
615 1461 684 1512 Vera.
696 1478 718 1509 c.
729 1464 771 1510 42.
782 1461 857 1525 Atqui
867 1461 893 1508 in
905 1463 944 1510 his
956 1465 1023 1511 rebus
1035 1466 1110 1513 multa
1118 1466 1187 1516 vide·

90 1541 144 1572 mus
160 1525 196 1572 ita
212 1527 305 1574 sancita
314 1542 368 1575 esse
380 1527 482 1590 legibus,
498 1535 525 1574 ut
541 1533 598 1574 ante
615 1527 679 1574 facta
695 1526 720 1572 in
735 1525 853 1588 judicium
871 1542 920 1573 non
937 1537 1061 1577 vocentur.
1095 1533 1135 1578 Id.
1144 1546 1188 1595 pro

90 1590 345 1719 §.eddwlfewepdstqm
361 1608 392 1640 ne
411 1606 442 1639 ex
458 1606 488 1639 eo
499 1591 596 1655 quidem
614 1600 719 1654 tempore
736 1591 761 1638 id
779 1593 830 1655 egit
846 1592 950 1639 Sentius.
968 1594 1008 1642 Id.
1020 1595 1075 1643 Att.
1087 1596 1104 1642 1.
1117 1603 1141 1642 et
1152 1612 1188 1660 ep.

478 1753 494 1784 ‘⁸
505 1758 528 1804 4.
540 1753 616 1817 Atqui
626 1753 798 1802 ratiocinantis.

124 1830 204 1896 Atqui
215 1834 289 1883 servit
299 1835 439 1883 assumtioni
447 1835 619 1883 ratiocinantis.
648 1835 699 1883 Cic.
711 1839 725 1882 3
737 1836 830 1884 Parud.
842 1851 864 1883 c.
876 1840 900 1884 1.
912 1837 983 1893 Quod
995 1837 1016 1884 si
1026 1837 1124 1886 virtutes
1135 1847 1191 1886 sunt

91 1911 161 1960 pares
177 1897 241 1946 inter
255 1914 291 1956 se,
308 1900 374 1962 paria
391 1899 465 1947 etiam
486 1915 539 1948 esse
556 1900 614 1948 vitia
634 1914 732 1948 necesse
753 1909 799 1948 est.
840 1901 917 1964 Atqui
934 1917 1002 1966 pares
1019 1918 1072 1951 esse
1090 1903 1191 1952 virtutes

92 1961 164 2010 facile
174 1971 258 2027 potest
266 1965 380 2028 perspici.
414 1966 454 2014 Id.
463 1981 508 2029 pro
519 1966 576 2014 Mil.
588 1981 611 2014 c.
622 1968 662 2014 12.

365 2078 380 2108 '
389 2079 502 2143 5.'Atqai
511 2079 671 2143 occupationi,
686 2080 822 2145 objectioni,
834 2081 915 2130 servit.

125 2157 205 2221 Atqui
221 2159 293 2207 servit
307 2159 467 2224 occupationi.
504 2161 608 2224 Cinpro
619 2161 676 2210 Mil·
687 2164 760 2211 120.
781 2161 858 2224 Atqui
868 2163 962 2208 excelso
975 2163 1029 2210 loco
1046 2164 1191 2225 superiorem

92 2223 181 2271 sefore
192 2225 293 2286 putabat
304 2224 373 2279 Milo,
390 2232 415 2272 et
431 2227 462 2272 ob
475 2239 527 2273 earn
539 2240 633 2273 causam
650 2241 704 2273 eum
723 2226 804 2275 locum
820 2227 852 2273 ad
868 2242 970 2289 pugnarn
988 2228 1137 2290 potissimum
1149 2229 1191 2278 de·

92 2287 196 2351 legerat.
224 2287 260 2335 At
276 2289 303 2336 in
319 2303 348 2337 eo
362 2290 417 2337 loco
431 2290 511 2352 potius
528 2291 703 2352 expectandum
715 2290 745 2336 ab
755 2305 793 2347 eo,
810 2292 851 2352 qui
861 2289 939 2352 ipsius
950 2289 998 2339 loci
1008 2306 1051 2354 spe
1062 2291 1140 2340 facere
1150 2294 1194 2340 im·

93 2359 179 2415 petum
189 2352 312 2415 cogitarat.
345 2354 595 2404 Id.iuBrat.c.83.
623 2353 699 2417 Atqui
711 2369 746 2399 eae
764 2361 827 2401 notae
844 2355 1013 2419 suntoptima.
1031 2356 1126 2405 Credo:
1149 2357 1193 2405 sed

93 2432 170 2529 mppipa
179 2425 286 2465 vetustas
295 2433 341 2466 nec
357 2417 427 2466 habet
437 2433 491 2465 eam
501 2432 574 2479 quam
584 2419 711 2480 quaerimus
722 2419 874 2473 suavitatemt
888 2434 941 2468 nec
951 2426 990 2467 est
1001 2420 1052 2485 jam
1062 2437 1119 2471 sane
1130 2423 1193 2474 tole-

93 2496 121 2530 ra
156 2496 189 2531 rs.

498 2612 611 2662 CAPUT
645 2608 791 2663 XXXVIII.

456 2729 506 2788 De
522 2729 737 2808 Conjunrtr'oae
752 2730 836 2789 Aur.

131 2860 155 2905 1.
172 2856 231 2908 Aur
243 2863 308 2906 notre
319 2864 356 2904 est
371 2857 562 2922 significationis,
579 2859 629 2906 uoti
643 2873 708 2906 usus.
743 2858 924 2920 Nonnunquam
941 2858 1118 2921 perspicuitatis
1126 2860 1199 2911 causa

97 2922 130 2970 de
145 2921 264 2970 industria
279 2923 318 2970 vel
333 2925 440 2985 iteratur,
460 2924 497 2970 rel
519 2923 608 2986 saepius
626 2923 751 2987 repetitur.
787 2923 839 2972 Cic.
859 2925 877 2970 1.
895 2927 918 2971 1.
934 2925 962 2973 de
980 2923 1034 2988 Off.
1049 2940 1071 2973 c.
1087 2930 1114 2974 9.
1137 2927 1198 2974 Sunt

97 2988 169 3035 etiam
181 2988 223 3051 qui
234 2994 276 3035 aut
293 2984 373 3035 studio
390 2988 427 3036 rei
445 2987 566 3035 familiaris
583 2987 686 3050 tuendae,
702 2995 743 3034 aut
758 2988 814 3035 odio
825 2987 929 3050 quodam
940 2989 1069 3045 hominurn,
1080 3006 1152 3039 suum
1171 3006 1198 3040 se

96 3052 222 3116 negotium
238 3067 316 3116 agere
329 3053 418 3100 dicant.
452 3054 487 3101 Et
501 3054 655 3116 paulopost:
680 3051 760 3115 Magis
776 3068 806 3100 ea
821 3052 967 3116 percipimus
983 3061 1055 3116 atque
1073 3056 1198 3112 sentimus,

96 3131 153 3180 qua
163 3116 232 3165 nobis
248 3117 308 3180 ipsis
317 3125 359 3164 aut
368 3131 489 3180 prospera,
500 3124 542 3165 aut
551 3117 651 3166 adversa
665 3119 787 3174 eveniunt,
798 3133 871 3181 quam
887 3117 937 3176 illa,
949 3133 1002 3183 quaa
1013 3119 1109 3168 ceteris.
1140 3119 1199 3171 vid,

96 3182 228 3243 praesertim
241 3183 281 3232 la.
290 3198 334 3245 pro
344 3185 391 3244 leg.
402 3184 471 3232 Man.
480 3197 503 3229 c.
515 3185 556 3230 11.

135 3247 189 3296 cn.
207 3247 226 3294 l.
241 3250 265 3295 1.
276 3248 341 3296 deO
380 3262 421 3296 .c.
436 3250 461 3294 9.
479 3245 617 3294 Deserendi
628 3245 701 3294 officii
716 3247 797 3310 plures
813 3246 892 3294 solent
903 3262 954 3294 esse
966 3263 1053 3296 caussa.
1079 3250 1145 3299 Nam
1159 3256 1201 3299 aut

97 3311 245 3366 inimicitias,
257 3319 298 3359 aut
311 3313 334 3358 la
352 3326 426 3371 orem,
438 3318 479 3358 aut
495 3318 587 3359 sumtus
603 3312 725 3372 suscipere
742 3313 836 3367 nolunt,
848 3320 890 3359 aut
901 3314 975 3361 etlam
985 3314 1140 3378 negligentia,
1158 3323 1201 3362 ant

98 3375 151 3425 suis
167 3375 252 3424 studiis
268 3375 439 3492 quIilpnspamre
457 3374 653 3440 occupationibus
670 3375 843 3440 impediuntur.
863 3378 905 3426 Id.
922 3377 938 3431 1.
949 3383 973 3426 2.
993 3379 1064 3428 Fam.
1076 3396 1113 3444 ep.
1125 3382 1165 3428 10.
1176 3387 1201 3427 et

99 3441 278 3491 Paratum.
321 3441 350 3490 ‘ra
372 3445 413 3490 .8.
423 3456 445 3491 c.
457 3443 497 3490 16.

99 3559 126 3605 2.
136 3573 160 3604 α.
172 3556 299 3606 Aut-aut
309 3555 407 3631 elegpns
418 3555 490 3603 estin
502 3553 589 3602 dandis
600 3555 773 3619 optationibus,
785 3564 810 3603 et
821 3556 994 3604 conditionibus
1010 3557 1202 3619 praescribendis.
1269 3555 1271 3557 ’

137 3636 189 3684 cte.
198 3652 242 3699 pro
256 3637 350 3685 cluent.
361 3651 382 3683 c.
395 3640 435 3684 14.
451 3635 533 3692 Quum
544 3644 606 3684 esset
616 3637 667 3684 lraec
677 3637 714 3684 illi
724 3637 852 3701 praeposita
865 3637 981 3693 conditio,
992 3645 1034 3685 aut
1038 3638 1103 3702 juste
1113 3638 1202 3702 pieque

100 3709 232 3757 accusaret,
249 3707 292 3748 ant
301 3701 386 3748 acerbe
395 3701 543 3765 indigneque
554 3709 692 3748 moreretur.

157 3803 185 3855 β.
195 3797 248 3850 Aut
257 3813 302 3861 pro
314 3797 487 3846 Germanorum
498 3800 624 3854 entweder,
635 3800 701 3861 oder,
713 3799 761 3862 (or,
773 3814 800 3848 or
811 3800 877 3864 eise.)
890 3799 915 3847 in
923 3801 993 3847 rebus
1002 3798 1144 3862 injucundis.

135 3878 204 3943 Saepe
219 3878 261 3927 ubi
278 3894 321 3926 nos
334 3879 450 3926 malumus
461 3893 550 3942 ponere
569 3881 694 3933 entweden
711 3882 768 3929 oder·
786 3880 834 3944 (or,
850 3897 878 3929 or
894 3880 964 3943 else),
980 3879 1015 3926 ibi
1031 3879 1111 3926 Latini
1126 3881 1203 3928 solum

101 3954 197 4011 ponunt
205 3949 257 3993 nat·
271 3945 324 3991 cte.
334 3944 352 3990 l.
364 3947 388 3992 2.
399 3945 428 3992 de
437 3945 507 3992 Orat.
517 3959 538 3991 c.
545 3947 568 3990 2.
577 3943 665 3992 Omnia
676 3960 825 4008 quaecunque
837 3947 861 3992 in
872 3946 991 3992 hominum
1005 3944 1204 4007 disceptationem

101 4009 188 4060 cadere
199 4014 308 4074 possunt,
320 4009 381 4056 bene
395 4009 482 4055 suntsi
492 4007 602 4065 dicenda,
616 4009 657 4072 qui
671 4011 717 4058 hoc
733 4025 759 4057 se
773 4024 843 4072 posse
857 4009 989 4073 profitetur,
1007 4017 1050 4056 aut
1058 4009 1204 4072 eloquentia

136 4200 160 4234 ¹⁸
171 4202 202 4250 In
221 4203 267 4251 boc
289 4203 397 4268 exemplo
417 4204 485 4267 utqui
505 4202 599 4252 videtur
618 4202 783 4253 ratiocinantis
801 4218 866 4254 esse.
881 4203 1000 4271 (Itemin
1012 4203 1115 4272 alteruq

166 4283 235 4329 Ture.
1134 4286 1168 4335 K
