2670 4636
70 272 204 351 onnia]
392 269 463 331 vDE
493 267 817 331 Panttcuntseu.
1109 268 1172 332 261.

52 434 55 439 ·
69 419 258 487 quinquiens,
270 417 421 483 quonum
436 417 511 468 mm
530 418 603 475 aton,
617 417 644 465 u
661 431 751 466 sumn·
768 429 855 481 auno
871 412 978 465 asnaa
1007 414 1171 485 'tfflcotrn

69 487 200 546 enimam
216 484 381 549 immede)

124 588 149 636 5.
168 583 270 634 Omnino
280 598 333 632 cum
344 582 414 647 nihil,
428 597 483 639 non,
494 583 545 646 oin,
556 595 675 710 nqqthnqm
685 585 710 629 et
719 594 833 644 nusquam
839 594 850 638 ,·
866 577 896 643 dn
906 593 936 628 no
946 593 1035 642 meone,
1044 586 1086 631 not
1096 587 1123 633 ut

609 680 617 701 ,
654 662 675 694 c.

106 728 221 792 iungitur
230 735 307 776 autem
320 728 415 777 omnino
424 742 467 792 pro
476 729 523 777 allo
533 728 600 776 mode
612 741 667 774 cum
678 725 748 782 nihil,
759 738 814 782 nen,
829 725 880 779 aix,
888 739 1006 788 nunquam
1016 733 1040 774 et
1051 727 1188 791 nunquan(

77 797 130 846 Oia.
139 795 157 841 1.
168 798 191 843 1.
202 794 270 844 lieet·
280 808 302 841 c.
309 797 334 842 8.
350 792 390 841 Ita
399 793 478 856 magni
490 791 521 840 ad
531 799 634 839 nostram
645 796 741 838 etatem
747 798 852 838 oratores
859 789 963 847 suerunt,
975 799 1055 839 utnon
1064 794 1174 852 multum,

75 865 119 909 aut
135 857 194 907 nihil
204 857 302 906 omnino
318 857 411 906 Grecis
426 859 559 906 cederetur.
592 857 630 905 Iu
643 856 660 903 l.
671 859 696 903 2.
707 857 737 904 de
749 855 820 905 onn.
830 871 852 903 c.
864 858 907 904 14.
920 854 1009 902 Poetae
1020 857 1115 906 omnino
1126 874 1175 909 non

77 939 150 972 conor
169 923 296 986 attingere.
328 923 368 971 ld.
379 924 397 970 1.
408 927 432 970 6.
443 922 499 972 An.
509 937 545 984 ep.
556 924 597 970 23.
615 919 669 968 Scis
687 919 796 968 Clodium
809 918 925 975 sanxisse,
935 921 1014 968 utrix
1024 929 1066 970 ant
1077 924 1174 975 omnino

76 1002 127 1036 non
137 998 228 1052 posset,
238 1001 284 1036 nec
300 1002 343 1050 per
357 987 470 1035 Senatum
479 1003 524 1035 nec
536 1001 579 1049 per
593 985 718 1050 populum,
738 983 848 1032 infirmari
859 999 903 1032 sua
919 985 968 1031 lex.
978 985 997 1018 ¹⁷
1030 985 1068 1037 Id.
1081 987 1131 1038 le.
1146 992 1176 1040 de

82 1054 154 1102 Orat.
165 1069 188 1100 c.
199 1057 239 1101 12.
271 1051 439 1115 Theopompus
450 1058 475 1100 et
484 1051 592 1115 Ephorus
601 1064 683 1098 causes
694 1048 791 1097 omnino
799 1063 920 1112 nunquam
930 1049 1066 1113 attigerunt.
1098 1054 1137 1103 Id.
1148 1057 1177 1104 de

79 1117 192 1168 Anne
201 1120 227 1165 6.
243 1111 304 1166 Haec
314 1116 460 1174 omittamus,
471 1132 524 1180 quae
534 1114 630 1162 omuino
640 1129 756 1177 nusquam
765 1114 925 1177 reperiuntur.

250 1213 266 1246 ⁴*
276 1217 301 1262 6.
319 1213 421 1262 Omnino
432 1229 487 1262 cum
497 1227 571 1270 nenio,
583 1213 670 1268 nullas,
681 1227 711 1261 ne
721 1212 783 1274 qnia,
794 1225 845 1267 nec,
864 1225 893 1258 ne
905 1211 1007 1274 quidem.

114 1295 167 1343 Cic.
178 1293 194 1342 l.
208 1297 247 1343 11.
258 1294 327 1343 Fam.
338 1308 375 1355 ep.
385 1297 426 1342 22.
458 1293 539 1342 Caesar
558 1293 654 1342 omnino
671 1290 759 1339 dicitur
770 1291 861 1340 nemini
878 1305 974 1358 negare.
990 1293 1044 1355 they
1059 1298 1133 1358 speon
1152 1300 1182 1360 cs

57 1364 60 1369 '
81 1358 327 1420 Coeauroaresming
342 1372 430 1407 nonne
447 1363 473 1407 ot
490 1360 531 1408 uli.
549 1357 587 1406 lh.
598 1357 614 1404 l.
625 1363 651 1404 et
660 1371 698 1419 ep.
707 1361 732 1404 6.
759 1356 784 1404 Si
794 1355 820 1402 id
838 1355 967 1418 Pompeius
983 1357 1087 1415 fecisset,
1105 1361 1176 1412 civile
1273 1406 1279 1416 ,

79 1424 171 1473 bellum
187 1423 281 1470 nullum
298 1423 394 1470 omnino
410 1423 502 1470 fuisset.
541 1422 624 1472 Vellei.
635 1423 652 1468 l.
664 1426 688 1470 2.
697 1437 719 1468 c.
730 1424 771 1470 69.
783 1423 796 1478 t
809 1423 834 1468 6.
854 1421 938 1469 Caeanr
946 1421 964 1468 l.
974 1425 999 1468 7.
1010 1423 1044 1470 Β.
1058 1425 1091 1472 G.
1102 1441 1124 1472 c.
1135 1432 1176 1477 24.

77 1491 91 1552 §
103 1493 129 1537 2.
147 1487 227 1537 Cesar
236 1487 324 1535 milites
335 1487 509 1543 cohortabatur,
519 1501 551 1533 ne
562 1485 627 1550 quod
638 1485 736 1533 omnino
747 1492 840 1548 tempus
850 1484 880 1531 ah
892 1499 963 1547 opere
973 1485 1178 1540 intermitteretur.

82 1555 136 1603 Cic.
152 1554 169 1601 l.
182 1556 222 1603 10.
239 1553 309 1603 Fam.
319 1568 355 1616 ορ.
366 1555 390 1600 1.
406 1552 460 1600 Nec
470 1553 537 1614 leges
547 1551 603 1598 ullae
614 1557 678 1605 sunt,
688 1563 734 1598 nec
741 1548 842 1614 judicia,
857 1563 902 1597 nec
918 1551 1016 1597 omnino
1027 1552 1178 1604 simulacrum

79 1617 187 1683 aliquod,
199 1625 239 1665 aut
248 1616 374 1680 vestigium
384 1616 496 1664 civitatis.
530 1616 569 1664 Id.
582 1616 599 1662 1.
612 1618 636 1663 d.
647 1615 702 1664 An.
712 1629 747 1676 ep.
760 1618 799 1663 1⁷.
817 1614 874 1661 Duo
883 1615 1019 1663 consulares
1030 1632 1056 1664 se
1067 1618 1179 1669 dicebant

79 1683 106 1730 in
124 1680 238 1730 ornandis
256 1681 385 1746 provinciis
406 1680 569 1729 consularibus
585 1678 711 1728 scribendo
726 1677 831 1735 affuisse,
847 1694 903 1727 cum
920 1681 1018 1728 omnino
1033 1696 1066 1731 ne
1082 1691 1178 1735 senatis

80 1747 181 1811 quidem
197 1745 312 1795 adiisset.
341 1747 379 1796 ld.
390 1746 407 1794 l.
418 1750 441 1796 1.
452 1749 482 1796 de
493 1747 554 1796 Not.
566 1746 641 1794 Deor.
653 1760 675 1792 c.
686 1747 727 1792 25.

438 1863 463 1908 7.
483 1860 585 1909 Omnino
595 1872 638 1922 pro
653 1857 773 1906 nimirum.
784 1856 804 1888 ¹⁸

114 1939 239 1990 Interdum
255 1939 348 1990 annino
363 1937 430 1987 idem
440 1947 486 1998 est,
498 1940 561 2004 quod
574 1939 694 1995 nimirum,
713 1938 770 2000 quia
780 1938 844 1987 omni
854 1954 886 1988 ex
947 1942 969 1988 te
985 1955 1025 1988 res
1046 1941 1182 1994 affirmatur.

82 2007 137 2056 Cic.
149 2010 179 2055 de
188 2005 267 2055 Amic.
279 2019 301 2051 c.
312 2008 353 2053 26.
370 2005 476 2053 Omnino
494 2014 531 2054 est
550 2020 632 2052 amans
647 2004 685 2051 sui
702 2004 788 2050 virtus.
820 2004 887 2052 lma
923 2019 970 2052 em.
982 2020 1005 2052 c.
1015 2009 1057 2054 61.
1075 2006 1180 2057 Omnino

79 2071 195 2136 preclare
210 2075 237 2117 te
256 2069 337 2116 hebes.
371 2070 408 2118 ld.
419 2072 449 2118 da
458 2070 553 2120 Senect.
565 2085 587 2117 c.
597 2073 622 2118 2.
640 2068 772 2131 Aptissima
788 2068 884 2115 omnino
895 2076 949 2115 sunt
959 2082 1023 2116 arma
1035 2075 1180 2131 senectutis,

81 2143 146 2184 artes
158 2134 388 2197 exercitationesque
397 2133 518 2183 virtutum.
535 2135 573 2183 ld.
584 2135 602 2181 1.
611 2139 633 2183 1.
642 2135 671 2182 de
681 2132 733 2196 ⁰ff·
744 2148 767 2180 c.
776 2136 818 2182 25.
834 2132 1016 2182 Miserrima'est
1026 2135 1121 2184 omnino
1130 2152 1181 2188 am·

52 2212 56 2218 ·
81 2200 144 2249 hitio
154 2201 317 2262 honorumque
329 2199 461 2246 contentio.
1098 2217 1099 2222 =

477 2298 501 2343 6.
522 2294 624 2344 Omnino
633 2309 677 2357 pro
687 2296 789 2344 tandem.

119 2385 172 2434 Cic.
180 2383 343 2480 proaMorcell.
353 2398 375 2431 c.
385 2387 411 2432 9.
427 2381 493 2440 Quid
509 2384 574 2431 enim
583 2391 622 2432 est
637 2383 733 2432 omnino
743 2383 790 2431 hoc
800 2383 877 2446 ipsum
888 2383 938 2442 diu,
951 2385 1035 2452 inquo
1046 2395 1083 2436 est
1092 2382 1184 2453 aliquid

84 2457 229 2498 mmm·
422 2518 447 2563 9.
465 2513 846 2577 Omninojunctumcumomnie.

122 2611 225 2662 Omnino
239 2610 348 2675 junctum
363 2627 418 2660 cum
434 2611 509 2660 omnia
521 2625 618 2672 gravem
632 2625 699 2673 aeque
717 2625 745 2658 ac
761 2609 857 2658 brevem
873 2610 1051 2662 affirmationem
1069 2617 1185 2676 continet,

84 2685 171 2742 estque
189 2675 241 2726 aine
259 2677 402 2740 exceptione.
437 2676 488 2724 Cic.
499 2677 527 2723 de
537 2674 617 2724 Amic.
634 2691 656 2722 c.
668 2678 708 2722 21.
729 2673 833 2722 Omnino
849 2676 954 2724 omnium
973 2679 1055 2726 horum
1073 2680 1185 2730 vitiorum

85 2751 159 2806 atque
175 2740 378 2789 incommodorum
394 2756 441 2788 una
457 2739 535 2787 cautio
551 2749 617 2803 een,
631 2739 926 2787 iehammenna
944 2740 1064 2790 Antonius
1085 2747 1183 2796 omnino

85 2808 166 2858 omnia
176 2805 316 2854 eruditionis
326 2809 421 2869 expers.
453 2805 492 2853 Id.
502 2805 520 2851 1.
529 2808 554 2852 5.
562 2803 618 2853 An.
628 2818 664 2868 ep.
672 2807 711 2852 12.
728 2802 832 2850 Omnino
840 2805 918 2852 omnia
927 2820 952 2852 se
960 2805 1075 2856 iacturum
1084 2813 1185 2875 recepit.

86 2874 103 2904 ¹*
114 2870 181 2921 hod.
191 2872 232 2921 Id·
242 2871 260 2918 l.
270 2875 295 2920 6.
307 2871 377 2920 Fam.
387 2886 422 2933 ep.
435 2875 459 2919 2.

332 2991 335 2998 ·
359 2967 413 3032 (16.
432 2968 533 3016 Omnino
543 2980 587 3029 pro
600 2965 716 3021 univerae,
726 2967 752 3015 in
762 2964 918 3029 universnm.)

120 3048 252 3113 Eleganter
262 3050 335 3098 etiam
346 3049 440 3097 omnino
450 3047 537 3095 dicitur
548 3061 591 3111 pro
601 3046 627 3096 in
637 3046 780 3103 univercum,
790 3045 919 3110 iiherhonpt
938 3047 1093 3112 (altogether,
1106 3067 1137 3102 on
1147 3055 1187 3106 the

74 3114 185 3174 schole),
201 3121 229 3160 ut
239 3114 389 3164 Sohaemus
399 3113 475 3160 obiter
486 3119 554 3160 notat
569 3110 600 3158 ad
613 3126 639 3159 n.
651 3114 675 3157 7.
696 3112 748 3160 Cic.
760 3113 777 3158 1.
789 3116 811 3159 1.
822 3114 851 3161 de
862 3112 915 3176 Off.
927 3129 950 3162 c.
962 3116 1003 3162 25.
1021 3114 1134 3175 Omnino,
1145 3122 1186 3184 qui

86 3179 191 3256 reipubl.
201 3179 323 3242 praehrturi
333 3185 397 3234 sunt,
409 3178 456 3225 dno
471 3183 593 3241 precepta
603 3175 712 3224 Platonis
721 3183 827 3225 teneant.
850 3175 882 3224 V.
892 3177 960 3240 plura
969 3179 995 3225 in
1005 3180 1104 3231 Enneata'
1115 3185 1188 3236 clm

87 3246 168 3294 cuer·
358 3365 361 3370 ⁷
421 3306 476 3371 (11.
488 3306 591 3356 Omnino
601 3321 645 3369 pro
655 3306 753 3356 dicentia
762 3305 869 3367 nemum.)

126 3389 179 3440 Cic.
188 3390 206 3440 l.
217 3395 242 3440 5.
255 3390 327 3440 Tum·
338 3405 360 3437 c.
369 3394 393 3438 9.
409 3387 434 3435 N
436 3404 467 3435 on
477 3381 578 3452 iuquam
588 3387 614 3437 id
624 3387 685 3437 dicit
693 3388 797 3444 omuino,
813 3386 866 3446 sed,
877 3404 931 3452 quae
941 3389 1009 3448 dicit,
1022 3388 1088 3440 idern
1098 3393 1188 3444 vdent.

529 3548 641 3599 CAPUT
662 3549 760 3599 CLXV.

446 3665 496 3725 De
513 3665 695 3723 Pronominc
710 3663 833 3722 Onu1s.

125 3799 150 3843 1.
168 3794 258 3842 Ouars
269 3808 333 3856 saepe
343 3800 470 3855 usurpatur
476 3806 519 3856 pro
529 3796 601 3846 totus,
612 3789 743 3838 univerae.
762 3790 812 3838 Cic.
820 3805 864 3852 pro
874 3791 968 3842 cluent·
977 3807 998 3839 e.
1006 3796 1030 3842 6.
1047 3794 1192 3859 Sanguinem

91 3874 187 3908 onmem
196 3856 341 3923 profundere
351 3864 427 3905 mater
438 3856 513 3921 cupit.
537 3856 581 3925 Iu.
589 3855 605 3905 l.
617 3859 641 3904 2.
652 3856 681 3903 da
694 3855 755 3903 Nat.
766 3855 801 3902 D.
810 3869 831 3902 c.
841 3859 864 3904 9.
883 3854 975 3904 Celeris
982 3865 1068 3906 natura
1077 3860 1102 3908 in
1111 3877 1137 3909 se
1148 3861 1191 3915 ha·

127 4051 147 4125 17
156 4049 225 4125 Quia¹
238 4049 265 4124 in
280 4048 391 4111 exemplo
401 4047 500 4096 Antonia
511 4048 604 4096 omnino
622 4062 678 4095 cum
687 4045 732 4122 oisc
742 4028 836 4094 nonita
846 4045 1003 4110 conjungitur,
1019 4054 1047 4094 ut
1056 4048 1126 4107 nihil,
1136 4067 1191 4110 nen,

74 4166 77 4171 ’
93 4112 784 4240 ῐώῑιβιῧιῖωι0ζὲςίὣὲἓῖᾐὲῗὶἓὲἳὶἓθξῑῐῐῗὲεῶω
799 4174 915 4223 ridentur.
949 4175 1015 4223 Nam
1025 4175 1119 4227 omnino
1130 4181 1198 4228 rdet

92 4245 235 4305 albediem,
245 4243 375 4306 ihnhuupt
386 4243 454 4304 (qfu
470 4243 545 4298 tenth,
563 4241 705 4306 altogether,
724 4255 756 4292 oa
771 4240 811 4293 tlte
828 4239 931 4309 oholai,
943 4241 1043 4291 athen
1061 4241 1214 4305 a'anaheaa'xo

94 4323 265 4372 usquequaque
275 4307 355 4356 locoru
365 4307 453 4384 hahere
462 4315 556 4374 potest.
