2670 4636
110 283 232 360 sanna]
455 283 513 344 DE
543 280 786 351 PARTICULIS
807 290 864 344 eto.
1146 290 1208 364 220

108 429 192 477 medio
203 435 347 479 crescentem
356 427 444 478 molem
455 428 501 477 sibi
512 444 541 478 ac
550 429 652 494 posteris
663 430 712 478 suis
722 429 862 479 metuebant
872 426 975 478 finitimi.
1001 432 1042 481 ld.
1053 432 1071 480 1.
1081 436 1123 482 22.
1134 449 1156 483 c.
1166 440 1209 485 20.

108 494 225 557 Namque
236 495 299 544 Gelo
314 495 431 544 maximus
440 495 532 560 stirpis,
542 503 663 544 contemta
674 495 745 543 timul
762 501 886 543 senectute
902 495 985 558 patris,
995 497 1066 546 simul
1079 505 1134 562 post
1141 500 1209 549 Can.

109 574 214 608 mensem
221 559 315 610 cladem
327 559 437 609 Romana
446 561 561 608 societate
572 558 604 608 ad
615 559 703 608 Poenos
714 559 805 608 deficit.
838 559 904 608 Add.
916 560 957 610 Id.
974 561 991 612 l.
1003 567 1029 612 2.
1043 577 1067 612 c.
1079 567 1151 613 1011
1165 570 1208 615 611.

110 625 819 690 110111111411211111.1111112111.
856 667 859 671 .

494 738 509 769 ⁵
521 742 562 788 11.
573 739 653 789 Simul
661 739 789 790 et-st'mut
799 743 831 789 et.

145 818 202 872 Lin.
211 820 229 869 1.
241 823 282 870 29.
292 836 314 870 c.
325 824 366 869 25.
382 819 459 868 Simul
469 827 517 868 eta
527 819 603 867 classe
612 821 711 868 navales
720 819 787 877 sccii,
797 834 844 884 qua
852 834 882 867 ex
893 827 961 885 parte
971 822 1026 870 urbs
1035 821 1095 870 mari
1105 823 1210 883 alluitur,
1226 801 1231 823 Ι

112 882 186 933 simul
196 892 222 934 st
232 885 350 935 terrestris
359 885 477 934 exercitus
484 885 515 933 ab
522 884 657 934 imminenti
662 900 737 950 prope
743 885 802 950 ipsis
809 883 928 951 manibus
935 885 1034 944 tumulo,
1044 895 1082 936 est
1091 887 1210 938 adtactus.

116 1029 118 1034 ,
506 1000 522 1031 ¹⁸
533 1004 574 1050 12.
590 1027 600 1037 -
613 1027 623 1040 -
635 1000 827 1051 Simul-tertio·
1068 1031 1071 1037 ·

149 1081 234 1129 Goescr
243 1081 261 1128 l.
272 1087 296 1131 2.
307 1080 342 1130 Β.
356 1081 385 1129 C.
397 1097 419 1129 c.
429 1084 470 1131 42.
479 1081 643 1194 meCaesar
662 1081 841 1130 circumvallare
853 1079 1006 1144 'Pompeium
1025 1081 1136 1141 instituit,
1157 1076 1211 1135 hee
1307 1103 1314 1110 ·

114 1152 237 1208 spectans,
255 1148 319 1209 quod
330 1153 466 1211 angustare
557 1147 633 1195 utaria
642 1147 767 1195 utebatur:
785 1146 854 1193 simul
864 1153 891 1193 ut
903 1146 1056 1208 pabulatione
1071 1146 1213 1213 Pompeium

114 1210 266 1275 prohiberet:
282 1211 364 1274 tertio,
379 1219 407 1259 nt
421 1212 660 1275 auctoritatemque
675 1212 718 1260 ille
731 1211 833 1260 maxime
848 1211 913 1274 apud
931 1218 1025 1261 exteras
1040 1214 1150 1264 nationes
1167 1215 1214 1265 niti

114 1274 248 1333 videbatur,
259 1276 386 1326 minueret.
674 1275 679 1283 ’
1126 1294 1130 1301 ·

315 1375 356 1422 12.
373 1372 451 1422 Sitnstt
463 1388 504 1437 pro
518 1372 624 1422 11111111.
640 1387 667 1422 ns
676 1387 733 1422 soon
743 1387 770 1422 na
776 1388 787 1432 ,·
807 1387 834 1421 so
843 1385 901 1423 econ
915 1387 944 1422 ns
953 1388 1015 1424 eser.

149 1451 348 1516 Saepensurpatur
357 1468 401 1518 pro
412 1454 483 1502 simut
489 1469 526 1509 cc,
532 1452 689 1516 pretermisso
698 1468 726 1502 ae
735 1452 859 1501 brevitatis
866 1452 949 1516 gratia.
966 1453 1058 1503 Horat.
1066 1454 1085 1503 1.
1095 1458 1119 1504 l.
1130 1456 1178 1505 Od.
1188 1461 1213 1505 o.

117 1516 168 1574 Qui
174 1519 243 1565 simul
256 1519 366 1566 stravere
374 1524 461 1570 ventos
470 1533 563 1581 equore
572 1517 664 1566 fervido
672 1517 856 1582 Depraliantes.
874 1519 951 1579 ciel.
958 1521 984 1568 4.
999 1519 1078 1568 Acnd.
1087 1520 1135 1575 Qu.
1144 1524 1214 1570 c.2t.

116 1582 195 1630 Simul
205 1582 297 1632 inflavit
310 1584 408 1639 tibicen,
421 1581 515 1632 carmen
529 1583 670 1646 agnoscitur.
696 1598 725 1632 cs
738 1598 794 1634 soon
804 1598 832 1632 nt
841 1597 896 1632 scer
905 1583 944 1632 tlte
951 1582 1022 1646 'piper
1038 1583 1108 1633 btoros
1122 1585 1160 1633 bis
1175 1586 1212 1634 ta-

117 1650 245 1696 atrronent.
279 1649 319 1696 Id.
329 1647 347 1696 l.
357 1652 382 1696 2.
393 1647 472 1698 Atra.
482 1664 518 1712 ep.
529 1653 571 1698 20.
587 1648 661 1696 Simul
673 1647 731 1710 quid
741 1647 787 1696 erit
797 1648 866 1703 certi,
875 1647 976 1695 scribam
985 1648 1017 1694 ad
1031 1654 1066 1696 te.
1081 1664 1108 1698 nt
1119 1655 1175 1699 11111
1185 1665 1213 1700 ne

116 1725 166 1776 any
175 1726 282 1762 mamare
295 1713 438 1779 tscdopted,
454 1715 472 1763 1
480 1714 531 1763 wilt
547 1715 581 1764 tet
597 1729 643 1778 yon
652 1715 730 1764 knorn
762 1713 817 1779 (ubi
832 1711 882 1762 vid.
896 1711 993 1780 Grac.)
1017 1712 1100 1763 '‘Add.
1113 1714 1149 1764 lb.
1160 1715 1177 1763 l.
1189 1721 1214 1766 2.

117 1780 208 1842 ep.11.
439 1824 442 1833 ,
850 1797 854 1802 ·

162 1840 165 1845 ¹
391 1878 406 1908 ’
418 1880 459 1929 14.
476 1844 711 1941 namt-extemplo.
732 1875 935 1928 Simul-statim·

148 1955 204 2005 nis.
215 1957 233 2006 l.
242 1961 282 2007 10.
291 1974 314 2006 c.
325 1961 365 2008 25.
382 1958 459 2006 Simul
469 1965 600 2022 conspecta
609 1964 665 2006 sunt
675 1956 784 2006 Romana
794 1956 872 2020 signa,
883 1957 1026 2022 extemploa
1036 1957 1111 2022 primo
1122 1957 1215 2008 Samni·

116 2017 177 2068 tium
188 2021 282 2084 agmine
293 2023 490 2072 annosissimam
502 2023 612 2072 fremitus
621 2023 745 2087 perfertur,
759 2023 826 2071 exire
838 2023 868 2071 ad
877 2023 1056 2087 impediendum
1065 2023 1113 2072 iter
1123 2023 1214 2073 1111111·-

117 2098 173 2133 nos.
191 2087 230 2136 ld.
241 2089 257 2137 l.
268 2092 310 2137 22.
319 2104 340 2136 c.
349 2094 390 2139 29.
406 2088 481 2136 Simul
491 2087 629 2136 inclinatam
641 2087 744 2135 mediam
754 2089 830 2135 aciem
840 2089 922 2136 Mauri
930 2089 955 2136 Ν
957 2089 1087 2153 umidaque
1097 2089 1216 2148 viderunt,

115 2153 241 2216 extemplo
248 2153 305 2216 tuga
313 2153 389 2201 effosa
399 2155 464 2201 nuda
474 2168 563 2201 cornua
577 2155 712 2203 deseruere.
747 2153 785 2216 111.
798 2153 814 2199 Ι.
824 2157 865 2202 24.
875 2169 898 2202 c.
909 2157 951 2203 28.
968 2154 1054 2203 claves
1063 2153 1132 2202 simul
1142 2155 1217 2203 tradi·

116 2215 234 2273 derimus,
256 2218 488 2281 Carthaginensium
502 2219 621 2282 extemplo
643 2218 712 2265 Enna
733 2218 788 2265 erit.
821 2219 861 2267 Id.
873 2220 891 2267 l.
902 2223 927 2268 4.
939 2235 961 2268 c.
971 2225 996 2267 a.
1011 2219 1087 2267 Simul
1106 2235 1152 2283 ego
1172 2219 1215 2268 ni·

118 2281 198 2329 bunus
208 2297 293 2330 vocare
310 2284 383 2332 tribus
394 2285 421 2331 in
432 2282 568 2348 suffragium
587 2298 689 2346 coepero,
707 2290 733 2330 tu
750 2282 832 2331 statim
849 2285 933 2333 consul
949 2292 1097 2334 sacramento
1109 2284 1218 2349 juniores

117 2346 201 2411 adiges
211 2355 238 2395 et
254 2348 279 2395 in
289 2357 365 2397 castra
375 2349 471 2398 educes.

436 2450 449 2474 '
460 2455 500 2502 15.
517 2450 596 2501 Simul
606 2450 708 2517 primam
722 2464 767 2514 pro
782 2450 851 2499 simul
861 2465 899 2500 nc.

150 2529 232 2579 atat.
242 2536 268 2581 6.
284 2535 350 2582 11..
365 2532 455 2589 Quinte
475 2531 557 2587 Fabio,
578 2533 649 2579 simul
670 2531 773 2593 primurn
791 2529 937 2593 magistratu·
947 2528 1016 2590 abiit,
1032 2531 1062 2578 ab
1077 2530 1107 2579 C.
1125 2530 1218 2581 Marcio

117 2595 214 2644 tribuno
222 2597 300 2659 plebis
312 2597 376 2645 dicta
384 2597 437 2645 dies
443 2603 487 2645 est.
504 2596 567 2660 (Sed
576 2596 611 2644 ibi
624 2595 758 2644 Gronovius
768 2593 907 2656 obprimant
916 2595 970 2642 vult
979 2595 1062 2650 deleri,
1074 2601 1102 2642 nt
1111 2596 1225 2645 alienum*

119 2661 319 2714 afmnsuetudine
336 2663 457 2719 Licinum
473 2660 513 2708 cui
531 2661 689 2709 assentiuntur
705 2660 820 2717 Delectata
835 2666 860 2708 et
873 2659 998 2709 Drakenb.
1015 2658 1130 2709 Ceterum
1142 2675 1217 2724 genus

116 2726 235 2788 loquendi
243 2728 345 2790 probum
361 2742 414 2775 esse
431 2725 576 2789 latendum.)
630 2766 632 2772 .
720 2758 722 2765 ι
1001 2758 1004 2763 -
1041 2761 1043 2765 ,
1154 2760 1158 2770 f

131 2838 149 2844 ''
219 2844 258 2889 16.
275 2812 355 2890 Simul
368 2836 487 2899 enatarent
496 2857 524 2890 cc
531 2839 644 2904 primam,
657 2839 729 2889 simul
739 2843 819 2902 etque,
834 2838 906 2888 dmnt
920 2844 964 2897 nt,·
980 2853 1008 2888 ns
1021 2853 1120 2888 nones.

152 2919 299 2984 Plerumque
309 2929 389 2970 tamen
400 2921 504 2970 adsumit
513 2919 549 2976 nc,
561 2919 708 2983 deprimam,
720 2925 799 2982 atquc,
809 2925 846 2969 nt·
863 2920 917 2968 Cic.
929 2918 946 2964 Ι.
957 2922 979 2966 1.
989 2920 1019 2968 de
1028 2919 1089 2968 Nnt.
1097 2921 1133 2968 D.
1144 2934 1166 2970 c.
1175 2922 1217 2970 28.

120 2985 199 3033 Simul
207 3000 235 3033 ac
244 2987 301 3034 mibi
311 2987 444 3035 collibitum
454 2993 500 3042 est,
512 2993 598 3049 praesto
609 2991 647 3031 est
656 2985 744 3047 imago.
759 2998 787 3032 as
796 2999 851 3032 soon
862 2998 890 3032 as
900 2998 954 3034 coer
964 2983 982 3032 1
988 2986 1065 3046 plesse
1071 3001 1082 3042 ;
1098 2985 1219 3036 wtcneoer

121 3050 139 3099 1
147 3052 226 3099 desire
235 3052 265 3100 it.
293 3051 361 3100 idem
373 3058 386 3102 1
403 3053 472 3102 Verr.
487 3066 509 3099 c.
523 3054 567 3098 12.
588 3049 664 3097 Simul
680 3064 708 3096 ac
726 3048 826 3113 primum
840 3047 906 3096 Verri
922 3049 1015 3097 occasio
1032 3048 1083 3097 visa
1093 3057 1137 3105 est,
1153 3050 1218 3100 Con·

119 3117 200 3163 sulem
210 3116 321 3164 desemit.
354 3117 393 3165 Id.
403 3132 447 3180 pro
457 3117 529 3164 Rosc.
539 3116 596 3164 Aen.
608 3130 631 3161 c.
643 3118 682 3162 10.
700 3113 802 3170 Quodis
813 3112 884 3160 simul
899 3121 971 3176 atque
987 3114 1071 3170 sensit,
1087 3114 1119 3162 de
1130 3115 1218 3165 amico·

119 3195 175 3228 rum
185 3185 385 3244 cognatorumque
403 3182 522 3229 sententia
537 3179 641 3227 Romam
652 3179 768 3241 confugit.
800 3179 840 3226 Id.
857 3177 875 3224 l.
884 3181 909 3227 2.
926 3181 956 3228 de
967 3179 1024 3229 Fin.
1039 3195 1061 3228 c.
1076 3182 1116 3228 ll.
1140 3180 1219 3230 Omne

120 3245 219 3301 artimal,
233 3245 304 3293 simul
315 3253 343 3294 ut
357 3253 438 3294 ortumv
451 3253 495 3303 est,
506 3253 532 3293 et
549 3246 655 3307 seipsum
667 3253 693 3291 et
704 3259 787 3292 omnes
804 3250 885 3306 partes
902 3257 955 3291 suas
974 3244 1063 3307 diligit.
1094 3245 1134 3295 ld.
1148 3245 1166 3296 l.
1178 3250 1219 3296 10.

121 3310 177 3360 Ate.
188 3327 224 3376 ep.
234 3316 259 3360 4.
276 3311 329 3375 Ego
340 3311 421 3360 statim
431 3311 533 3375 habebo,
544 3312 608 3373 quod
620 3309 730 3366 scribam,
741 3310 811 3357 simul
822 3317 849 3356 ut
858 3307 941 3358 videro
951 3308 1089 3359 Curionem.

195 3428 235 3474 1⁷.
252 3425 332 3474 Simul
343 3431 379 3481 nt,
388 3426 540 3488 simulatque
549 3439 602 3472 curn
612 3425 706 3487 rtatim,
715 3424 789 3482 illico,
800 3421 920 3480 continuo,
930 3423 1024 3473 aretas
1032 3421 1148 3486 τάχιστα.

75 3501 78 3505 ’
155 3504 282 3553 Interdum
302 3507 333 3554 ad
352 3505 461 3570 majorem
476 3507 513 3554 sei
533 3505 681 3554 celeritatem
702 3504 883 3567 significandam
903 3491 1017 3567 adjicitur
1037 3507 1129 3562 rtatim,
1146 3506 1220 3572 illico,

121 3571 264 3634 ant'aliquid
276 3569 402 3634 ejusmodi.
421 3571 472 3620 Cic.
485 3572 501 3618 1.
511 3575 536 3618 6.
544 3571 614 3620 Fam.
624 3584 660 3632 ep.
668 3575 708 3620 19.
725 3570 801 3618 Simul
810 3577 836 3617 ut
843 3568 949 3632 accepia
959 3569 1060 3618 Seleuco
1071 3572 1221 3630 tuas'lit‘eras,

120 3636 204 3683 statim
215 3635 323 3698 quesivi.
338 3651 367 3684 ne
381 3650 438 3684 soon
447 3649 474 3685 ns
484 3645 538 3684 eber
553 3636 685 3684 trecer'ced
700 3641 760 3698 year
774 3636 853 3691 letter,
866 3636 884 3685 1
896 3636 965 3684 made
980 3635 1079 3698 enqairy
1093 3635 1220 3702 instantty.

122 3701 189 3749 Id.l
206 3702 276 3752 Verr.
295 3716 317 3749 c.
328 3704 367 3749 10.
384 3701 474 3749 Verres
491 3701 562 3748 simul
580 3715 607 3748 ac
621 3699 702 3761 tetigit
716 3699 871 3762 provinciam,
886 3698 968 3747 statim
983 3700 1123 3749 Messanam
1138 3701 1221 3751 literas

121 3764 200 3814 dedit.
216 3782 244 3815 ns
253 3780 309 3814 soon
320 3781 348 3814 os
358 3780 411 3815 encr
426 3766 511 3815 Verres
528 3766 626 3815 reached
640 3765 680 3813 tlte
689 3765 807 3826 province,
824 3765 853 3814 lte
863 3765 1004 3826 despatched
1013 3780 1029 3813 n
1039 3767 1110 3814 letter
1120 3770 1144 3814 to
1154 3768 1222 3817 Mes·

121 3846 190 3879 anna.
224 3831 289 3879 Id.2
305 3831 375 3880 Vetr.
386 3846 408 3878 c.
420 3835 444 3879 a.
467 3832 554 3879 Verres
569 3830 725 3892 simulatque
747 3829 770 3877 ei
791 3829 911 3892 provincia
927 3828 1009 3877 Sicilia
1029 3836 1092 3878 sorte
1112 3830 1219 3890 obvenit,

121 3897 205 3943 statim
224 3895 317 3942 Romae'
327 3910 431 3958 quaerere
449 3895 529 3958 coepit,
549 3895 689 3960 quibusnam
705 3899 750 3944 cet.
783 3893 865 3942 *Add
881 3895 920 3943 Id.
936 3908 980 3959 pro
992 3893 1065 3943 Rosc-
1075 3893 1131 3944 Am.
1149 3912 1171 3944 o.
1180 3899 1222 3946 22.

122 3969 149 4009 et
188 3962 354 4010 10111125.

156 3975 213 4075 gic-
222 4040 265 4088 pro
275 4027 343 4075 Mar.
354 4042 375 4074 c.
388 4028 428 4074 10.
444 4025 598 4090 Simulatque
608 4023 727 4088 increpuit
737 4022 841 4089 suspicio
852 4023 976 4079 tumultus,
985 4028 1047 4071 artes
1057 4022 1123 4091 illico
1133 4031 1220 4074 nostrae

123 4090 298 4140 conticescunt.
316 4092 354 4139 Id.
365 4093 381 4140 4
396 4093 464 4142 Vera.
476 4108 497 4140 c.
509 4095 551 4139 21.
568 4090 657 4138 Verres
664 4090 733 4138 simul
744 4089 848 4153 atquein
856 4089 970 4152 oppidum
978 4089 1107 4152 quodpiam
1114 4098 1222 4148 venerat,

120 4155 313 4204 immittebantur
329 4154 367 4203 illi
377 4158 489 4206 continuo
501 4154 631 4220 Cybiratici
645 4167 723 4205 canes.
739 4171 768 4205 aa
783 4169 840 4204 soon
859 4169 888 4203 cs
904 4168 960 4203 aner
973 4154 1003 4203 tte
1018 4154 1119 4213 aetsoot
1134 4155 1222 4222 tanny
1252 4214 1255 4227 Ι

140 4222 340 4270 ortieatertown.

120 4236 138 4285 P
158 4287 190 4316 *¹
204 4288 244 4334 18.
261 4284 957 4353 0111111111ηά111111111111οο11111111111111111111.
971 4281 1131 4334 bnassau.
1150 4280 1248 4355 tamna

121 4351 349 4400 concurrunrsr'mul.
380 4351 494 4403 litant.
506 4357 547 4404 16.
558 4367 583 4419 p.
594 4357 654 4406 tto.
1206 4364 1212 4375 “
