2670 4636
108 261 195 338 ror]
467 266 526 326 ns
547 251 860 331 eenricus-ruso.
1133 270 1201 333 ..ore

396 444 456 495 ⁸69.
476 448 532 495 Non
542 448 608 496 modo
620 449 811 499 nullus-oerum
822 449 903 499 etium.

146 525 198 575 Cic.
206 524 224 573 l.
235 529 259 575 8.
271 525 341 575 Fam.
351 540 387 590 ep.
396 530 421 576 4.
446 526 477 575 Id
486 526 617 592 impendet,
637 529 661 576 in
672 545 719 592 quo
729 545 778 577 non
787 530 858 578 modo
870 530 938 578 dolor
948 529 1036 586 nullus,
1053 504 1130 579 rerum
1148 532 1202 581 linis

111 590 187 638 etiem
198 590 286 639 doloris
294 590 388 638 futurus
398 592 435 638 sit.
463 592 524 640 'Sic
535 594 622 641 dicitru
632 595 702 642 etiem
719 610 766 643 uon
783 598 850 645 modo
868 595 1138 656 nibil-omeliam
1154 609 1202 648 uon
1258 614 1264 627 ι

109 658 180 704 modo
191 670 369 706 nemo-ocrum
381 656 453 705 etium
464 665 512 705 cet.

436 774 477 820 70.
495 771 552 819 Non
562 773 881 835 modoprononmodonon.
922 774 927 783 “

145 865 268 914 Interdum
283 874 363 915 temen
381 867 474 930 (immo,
485 867 562 931 saepe)
581 874 608 916 ut
627 869 719 918 Paulus
734 870 861 919 Manutius
876 869 1011 919 observavit
1028 872 1058 919 sd
1082 873 1133 921 Cic·
1149 871 1166 921 l.
1180 876 1203 921 1.

111 930 184 979 Fom-
194 947 230 995 cp.
241 936 265 980 9.
276 947 322 980 uon
332 934 398 980 modo
406 942 531 995 usurpetur
539 947 580 995 pro
589 947 635 981 non
645 936 711 982 modo
721 949 774 982 uon.
809 935 859 984 Cic.
867 935 884 982 1.
894 941 933 985 16.
945 936 1000 984 Au.
1008 951 1042 999 cp.
1050 941 1074 985 7.
1092 937 1203 1000 Regnum

109 1009 163 1042 non
181 995 250 1044 modo
266 995 376 1044 Romano
388 997 487 1053 homini,
498 996 541 1044 ed
551 1012 581 1044 ne
595 998 676 1044 Persae
687 999 784 1060 quidem
795 999 925 1048 tolerabile.
958 1001 1022 1050 ibid.
1038 1001 1056 1047 l.
1067 1004 1106 1049 11.
1118 1004 1202 1063 11122.

110 1059 178 1107 Mihi
189 1075 237 1107 non
249 1061 316 1108 modo
327 1062 405 1116 irasci,
417 1062 552 1124 gravissime
567 1061 653 1126 injuria
670 1072 776 1126 accepte,
796 1064 839 1111 sed
852 1080 883 1112 us
903 1063 983 1114 dolc'ro
995 1065 1091 1130 quidem
1105 1067 1202 1130 impune

114 1124 184 1172 licet.
216 1124 297 1174 'And
307 1128 335 1176 dc
350 1127 429 1177 Amic.
440 1143 462 1174 c.
475 1130 515 1176 24.
526 1135 551 1174 et
561 1127 578 1174 l.
590 1131 630 1176 rt.
641 1129 710 1178 Fam.
720 1143 756 1191 ep.
767 1133 791 1177 1.
802 1135 827 1176 et
836 1144 861 1177 ιι.
874 1133 914 1178 81.

575 1241 750 1306 (Admonitio.)

148 1319 179 1368 Iu
189 1337 236 1384 quo
252 1328 331 1369 temen
342 1323 393 1369 haec
409 1321 487 1371 ceutio
498 1323 605 1378 truditur,
617 1329 643 1370 ut
661 1330 775 1385 sequatur
788 1326 830 1373 sed
849 1339 879 1374 ue
893 1325 994 1387 quidem,
1011 1331 1052 1372 eut
1065 1325 1115 1380 oie,
1127 1332 1154 1371 ut
1165 1338 1205 1388 sp.

114 1385 170 1434 Cic.
179 1401 222 1450 pro
243 1388 301 1435 Coel.
312 1402 334 1435 o.
345 1390 384 1434 17.
395 1403 418 1437 v.
429 1386 485 1434 inlr.
501 1403 526 1434 n.
537 1390 577 1434 86.
594 1394 636 1434 eut
646 1387 710 1434 eliud
727 1388 788 1449 quod
807 1389 906 1453 verbum
919 1389 968 1436 vim
984 1389 1088 1451 negandi
1107 1389 1204 1438 babens.

111 1449 166 1497 Sed
176 1458 255 1498 temen
272 1451 371 1514 reperiri
388 1465 435 1500 nou
445 1453 511 1501 modo
527 1467 569 1514 pro
584 1466 631 1500 non
645 1453 856 1506 oeconomorum
870 1459 984 1516 sequente
994 1455 1122 1508 sedetiam,
1133 1453 1205 1500 bodie
1264 1470 1266 1477 ·

112 1515 175 1562 satis
186 1523 278 1562 constet
289 1517 349 1564 inter
358 1515 473 1572 eruditos,
483 1523 511 1562 ut
520 1516 585 1574 apud
598 1517 649 1564 Cic.
664 1521 676 1564 1
691 1517 764 1564 Cutil.
776 1521 800 1565 8.
811 1519 866 1565 Lis.
877 1518 894 1564 1.
904 1522 944 1567 24.
956 1534 977 1565 c.
988 1521 1027 1565 46.
1040 1525 1066 1564 ot
1078 1517 1143 1565 olibi.
1156 1516 1205 1565 vid.

112 1586 204 1642 prester
214 1580 335 1629 observatu
344 1581 376 1644 ¹in
384 1581 474 1628 Lexico
487 1582 606 1630 Febriouo
618 1581 725 1629 Curtium
738 1580 768 1628 ud
787 1581 855 1631 Plin.
872 1583 891 1630 l.
901 1586 926 1631 8.
935 1597 970 1644 ep·
981 1586 1005 1631 7.
1017 1581 1071 1630 edd.
1081 1584 1111 1630 ed
1129 1597 1154 1629 ιι.
1165 1585 1207 1630 66.

315 1675 376 1726 ’71.
395 1678 450 1727 Non
461 1679 600 1727 modo-sed
610 1693 684 1734 omno,
691 1693 734 1742 pro
744 1693 789 1726 nou
800 1680 866 1728 modo
877 1681 1005 1741 νισι-114.
1071 1713 1074 1718 ·

154 1756 205 1805 Cic.
216 1757 232 1805 l.
244 1762 283 1807 12.
293 1758 361 1806 Fom.
368 1773 402 1820 ep.
412 1760 454 1807 28.
471 1757 526 1805 Nou
536 1758 605 1805 modo
615 1766 647 1812 te,
656 1758 695 1805 cui
706 1759 786 1806 omnio
795 1759 1008 1808 nostrenotissime
1025 1767 1089 1815 sunt,
1105 1759 1149 1808 sed
1164 1774 1206 1807 ne·
1227 1792 1238 1810 .

112 1821 206 1870 minem
216 1823 240 1869 in
250 1823 338 1886 populo
349 1822 421 1870 Rom.
431 1823 531 1870 arbitror
538 1837 599 1879 esse,
611 1823 651 1871 cui
662 1823 695 1870 sit
704 1824 785 1886 ignote
796 1838 824 1870 ss
836 1824 991 1880 familiariter,
1002 1839 1055 1886 quae
1065 1829 1109 1874 cet.

305 1941 345 1986 72.
364 1937 422 1985 Nou
432 1939 499 1985 oredo
514 1936 675 2000 postpositum
687 1952 729 2000 pro
741 1939 826 1986 nedum
840 1945 920 1995 sutus
935 1937 1019 2012 dicam.
1093 1956 1097 1964 ¹

152 2015 274 2065 Interdum
293 2031 340 2066 noo
356 2019 423 2066 modo
441 2016 625 2081 subjicitur-pro
643 2020 736 2067 nedum.
771 2016 966 2079 Cic-2Pltilipp.
978 2033 1000 2064 o.
1009 2020 1050 2066 41.
1067 2017 1154 2065 Brutos
1163 2033 1207 2080 pe·

116 2086 201 2129 monos
212 2082 352 2144 adoptarunt
362 2097 447 2144 magno
454 2082 554 2145 judicio,
571 2083 657 2138 studio,
666 2083 772 2138 caritate,
782 2098 831 2129 non
841 2089 868 2128 ut
877 2089 902 2128 te
913 2089 939 2129 et
948 2082 1008 2128 elios
1019 2082 1092 2129 vestri
1102 2082 1190 2130 similes
1199 2100 1207 2143 3

114 2160 177 2208 quos
195 2146 294 2194 clientes
309 2161 378 2195 nemo
389 2147 474 2194 bebere
485 2146 551 2202 velit,
566 2163 614 2194 non
624 2147 694 2195 modo
705 2162 759 2195 esse
773 2161 854 2194 corum
864 2146 946 2194 cliens.
978 2147 1018 2194 Iu.
1029 2147 1045 2193 l.
1057 2150 1080 2194 1.
1092 2148 1161 2196 Fam.
1169 2161 1207 2209 ep.

114 2214 144 2259 9.
159 2209 261 2258 Nullum
277 2226 356 2258 meum
372 2211 496 2258 minimum
513 2211 612 2269 dictum,
630 2227 677 2259 non
694 2212 764 2259 modo
781 2211 878 2267 sectum,
891 2226 934 2274 pro
956 2210 1050 2260 Caesure
1063 2211 1207 2268 intercessit,

111 2277 185 2339 quod
199 2275 241 2323 ille
258 2290 307 2323 non
323 2276 410 2323 illustri
421 2276 495 2339 gralia
504 2277 632 2340 exceperit.
665 2278 682 2324 l.
691 2276 779 2325 8411.
788 2291 823 2338 cp.
833 2279 873 2323 16.
890 2275 959 2323 Nihil
969 2277 1150 2338 pretermissum
1162 2285 1207 2332 est,

114 2337 185 2404 quod
193 2353 242 2387 non
250 2341 337 2388 hebeat
347 2340 478 2403 sapientem
490 2341 676 2398 excusationem,
688 2355 736 2388 non
749 2341 819 2388 modo
829 2340 983 2404 probabilem.
1014 2339 1081 2388 Add.
1093 2341 1209 2390 dPorod.

116 2411 147 2452 et
161 2405 335 2455 1.12.Fam.e
352 2410 411 2454 .16.

152 2466 259 2519 Aliusne
270 2421 353 2519 dicoul'.
388 2471 439 2519 Cic.
451 2471 469 2518 1.
480 2475 504 2519 2.
518 2470 572 2523 Au.
582 2486 618 2534 ep.
630 2475 670 2520 19.
687 2469 750 2518 Scito
764 2469 825 2516 nihil
839 2483 943 2533 unquam
957 2468 1032 2516 luisse
1047 2476 1097 2516 tem
1111 2468 1208 2524 inferne,

117 2542 168 2594 tem
181 2535 289 2582 omuibus
302 2534 423 2583 ordinibus
433 2535 559 2600 offensum,
569 2551 639 2598 quem
657 2537 720 2582 hunc
740 2540 835 2589 statum,
856 2535 897 2596 qui
908 2549 970 2580 nunc
991 2541 1043 2580 est:
1064 2533 1139 2594 magis
1157 2548 1209 2580 me-

114 2597 224 2656 hercule,
235 2613 307 2662 quurn
315 2601 412 2655 vellem,
422 2614 470 2647 non
479 2601 550 2647 modo
561 2615 632 2662 quem
644 2607 760 2662 putorem.
792 2599 832 2646 Id·
842 2598 858 2643 l·
870 2603 894 2646 4.
905 2598 975 2646 Fam.
985 2612 1020 2660 ep·
1033 2602 1072 2648 14.
1089 2595 1209 2662 Secundus

116 2662 306 2720 etismres‚non
317 2665 388 2711 modo
399 2664 509 2711 adversus
522 2664 724 2728 pertimescebam.
752 2663 770 2711 1
784 2663 886 2710 dseoded
904 2677 948 2710 our
965 2661 1056 2726 victory
1072 2677 1100 2711 us
1114 2662 1168 2710 well
1182 2675 1210 2709 os

117 2726 258 2788 oisrdeseot.
291 2727 447 2777 triduum.
458 2729 476 2777 1.
487 2731 527 2777 21.
540 2744 561 2777 c.
572 2732 613 2777 64.
624 2728 676 2777 etl.
687 2730 727 2777 24.
739 2742 761 2776 c.
773 2729 811 2774 le.
1044 2735 1051 2742 ·

550 2840 565 2870 ⁶
576 2844 617 2891 78.
635 2839 781 2888 Admonitio.

153 2923 211 2972 Nou
228 2925 293 2972 modo
304 2923 393 2987 pariter
401 2924 552 2987 postponitur
561 2921 684 2985 perticulae
699 2921 770 2971 etium
780 2927 804 2968 et
815 2936 912 2984 quoquc.
945 2918 1065 2969 Interdum
1075 2905 1154 2970 etium
1172 2921 1210 2968 vel

118 3004 208 3052 quoque
219 2989 289 3052 plene
299 2988 423 3043 omittitur,
434 3003 512 3052 neque
523 3003 553 3034 eo
564 2987 641 3035 secius
651 3001 698 3035 oon
708 2987 774 3034 modo
784 2985 890 3049 ponitur.
1082 2993 1084 2999 '

439 3101 492 3166 (14.
509 3104 563 3152 Non
574 3105 640 3152 modo
650 3116 697 3151 non
707 3098 888 3165 postpositum.)

152 3181 233 3245 Atque
244 3183 315 3230 etiem
330 3198 377 3233 sorr
386 3185 453 3232 modo
464 3198 510 3232 oon
527 3184 682 3246 postponitur,
700 3181 816 3232 rarissime
827 3188 916 3229 temen.
948 3179 1030 3228 Unum
1039 3179 1173 3243 exemplum
1184 3178 1210 3227 in

120 3255 215 3311 promtu
233 3254 269 3295 est
283 3263 297 3294 e
312 3249 424 3298 Cicerone
439 3249 470 3297 ud
478 3247 534 3297 Aer.
544 3249 562 3296 l.
573 3252 613 3298 14.
630 3264 667 3312 ep.
679 3252 718 3297 19.
742 3245 799 3294 Non
810 3247 882 3294 facile
894 3245 1006 3309 persuasi,
1021 3244 1054 3302 id,
1066 3247 1129 3308 quod
1140 3259 1210 3309 rogu-

119 3319 167 3367 ret,
179 3327 209 3360 ne
218 3313 290 3360 licere
301 3313 407 3375 quidem,
416 3327 465 3359 non
477 3313 546 3361 modo
558 3330 606 3360 nou
611 3313 704 3377 jubere.
738 3311 851 3360 Ceterum
863 3312 890 3359 fit
897 3311 981 3359 cedern
992 3309 1110 3374 analogia,
1119 3325 1168 3374 vqus
1185 3311 1210 3355 in

119 3376 176 3425 eliis
185 3376 268 3425 formis
281 3394 305 3425 n.
316 3382 357 3426 72.
374 3384 399 3425 et
409 3378 481 3425 alibi:
499 3394 576 3441 neque
588 3378 692 3425 dubitem
704 3377 800 3425 imitari.
1195 3403 1198 3408 ·

372 3493 413 3538 76.
430 3491 486 3540 Non
495 3493 651 3546 solum-ced,
662 3491 793 3547 sedetiam,
806 3492 847 3539 sed
857 3504 953 3553 quoquo.

153 3589 211 3638 Nou
221 3587 407 3651 solmnjungitur
420 3604 474 3637 cum
491 3590 541 3644 sed,
556 3589 597 3636 sed
614 3587 693 3642 etium,
711 3590 752 3636 scd
770 3601 864 3649 quoque.
886 3586 938 3634 Cic.
949 3584 1001 3632 1.1.
1014 3585 1130 3647 Fam-cp.
1145 3587 1169 3632 6.
1185 3585 1212 3632 Is

120 3654 234 3701 omnibus
256 3652 359 3716 negotiis
375 3668 424 3700 non
444 3653 550 3701 interfuit
566 3653 651 3708 solum,
673 3651 716 3699 sed
734 3651 836 3714 prefuit.
875 3650 930 3698 Lio.
942 3651 958 3699 l.
971 3651 995 3696 8.
1013 3664 1035 3697 c.
1048 3653 1078 3698 17
1095 3655 1121 3696 et
1138 3651 1177 3696 88.
1188 3658 1213 3697 et

119 3718 138 3764 l.
151 3722 175 3766 8.
188 3733 209 3764 c.
219 3722 244 3766 4.
521 3753 524 3759 .
613 3731 618 3736 ·
963 3721 967 3727 “

112 3799 115 3807 ·
155 3780 235 3829 *Huc
253 3781 314 3829 reier
327 3781 387 3829 illud
403 3782 524 3831 Ciceronis
540 3796 582 3844 pro
598 3780 686 3830 Caecin.
706 3795 728 3827 c.
740 3783 779 3828 16.
795 3778 852 3826 Nou
867 3779 942 3826 solum
961 3776 1065 3839 impulsu
1084 3783 1212 3834 scutonrm,

119 3859 199 3909 neque
211 3847 324 3894 conflictu
340 3861 472 3910 corporum,
489 3862 566 3909 neque
586 3847 635 3894 ictu
652 3845 768 3907 cominus,
785 3858 862 3906 neque
878 3842 1025 3905 conjectione
1043 3839 1153 3899 telorum,
1169 3842 1213 3890 sed

119 3925 186 3972 serpe
208 3911 311 3959 elamore
325 3911 377 3974 ipso
394 3912 496 3959 militum
513 3919 555 3958 aut
571 3911 725 3959 instructione
735 3916 879 3972 aspectuque
892 3908 1011 3970 signorum
1024 3920 1120 3966 magnes
1133 3908 1215 3970 copiae

120 3975 204 4036 pulses
215 3991 268 4023 esse
279 3984 304 4023 et
314 3977 414 4023 vidimus
425 3985 450 4023 et
460 3975 599 4024 audivimus.
624 3976 662 4024 ld.
671 3977 700 4024 de
711 3974 790 4023 Amic.
808 3989 830 4020 c.
842 3978 880 4021 15.
898 3971 1035 4018 Nonsolum
1046 3969 1139 4018 fortune
1150 3987 1215 4022 caeua

120 4047 167 4094 est,
186 4041 228 4088 sed
245 4055 288 4088 eos
299 4041 372 4090 etiem
389 4041 527 4104 plerumque
539 4042 611 4089 efficit
626 4055 710 4096 caecos,
722 4054 782 4103 quos
793 4039 918 4102 complexe
929 4043 973 4085 est.
1008 4035 1126 4100 Exempla
1137 4038 1215 4086 ubivis

122 4103 201 4151 obvie.
235 4106 273 4154 ld.
285 4121 327 4169 pro
344 4107 406 4154 Coec.
421 4105 476 4153 Dixi
490 4121 537 4154 non
549 4107 626 4153 solum
635 4121 661 4152 re
675 4112 701 4153 et
710 4105 833 4160 sententia,
850 4101 892 4150 sed
908 4101 985 4149 verbis
997 4116 1100 4165 quoque.
1124 4101 1214 4152 *Add
1292 4158 1298 4164 Ι

122 4167 140 4214 l.
149 4172 176 4217 4.
190 4170 258 4219 Fam.
270 4186 305 4233 cp.
317 4175 347 4220 11
358 4177 385 4218 et
395 4173 419 4219 8.
430 4171 485 4220 niv.
496 4171 513 4220 1.
525 4175 548 4219 2.
560 4187 582 4220 c.
594 4174 632 4219 11.
