2670 4636
549 48 563 75 l

108 273 193 350 1...]
279 344 283 350 ,
346 248 348 255 ’
455 273 523 335 nu·
541 271 857 335 6666666666.
1140 271 1199 330 273

460 419 492 450 '¹
505 425 544 470 lt.
559 392 614 470 Per?
619 420 691 469 etism
697 420 799 485 jurantis
809 426 853 467 est.

147 497 182 546 Ι).
193 498 223 547 P.
238 498 326 561 Virgil-
335 501 392 548 AEtt.
402 499 417 546 1.
430 502 454 548 4.
471 498 518 546 Ρ66
528 507 600 562 caput
609 501 654 549 hoc
661 500 723 564 juro.
740 501 769 564 tp
780 502 829 549 1616
838 499 906 548 heud-
939 498 1021 546 Ptaut.
1031 494 1138 569 Amphis.
1150 487 1200 567 Per'

110 561 208 618 Jovem‚
225 579 268 626 per
278 564 422 616 Mercurium
435 563 496 628 juro.
513 563 564 611 Cic.
574 579 617 625 pro
633 565 751 613 1166166.
765 569 802 613 lt.
835 563 882 611 Ubi
893 563 967 609 semel
978 561 1031 622 quis
1039 565 1197 623 pejerarent,
1296 565 1303 582 “

109 626 138 672 61
148 627 314 690 credipostes‚
324 627 418 676 etiamsi
424 642 468 689 per
477 628 557 690 plures
567 627 634 676 Deos
641 628 718 692 juretf
725 643 774 675 unu
784 634 885 690 oportet.
904 626 983 674 Lince.
994 626 1010 672 l.
1025 629 1047 673 1.
1056 638 1081 686 p.
1093 629 1133 673 70.

148 688 164 718 *
170 691 224 738 Η66
235 691 305 748 refer,
316 708 366 740 cum
378 707 421 755 per
426 692 566 757 juramentis
580 681 753 754 indignantium
764 692 855 742 servit..
863 691 913 759 Cic.
922 705 965 753 pro
977 690 1049 738 11666.
1060 688 1115 737 Am.
1126 704 1148 736 c.
1157 690 1197 734 50.
1251 699 1254 703 ·

112 752 165 801 Per
180 755 248 805 Deos
262 757 414 812 immortales,
424 771 477 819 quse
486 757 533 803 istu
542 755 745 823 tants'crudelitas
757 757 810 804 est?

449 870 488 917 16.
504 868 555 916 Per
569 841 662 917 otntcrn
674 882 717 930 pro
726 867 754 918 66
764 872 867 917 etatem.

150 947 244 998 166661.
254 950 361 998 Eunuclt.
372 954 393 999 1.
404 953 428 998 2.
449 947 552 995 Patriam
568 940 645 1011 neque
661 948 752 997 sciebat
768 949 858 1012 puella,
874 961 952 1009 noque
970 960 1012 1009 per
1022 944 1198 1010 etatemetinm
1252 988 1255 993 ,
1322 956 1326 962 ·

114 1019 218 1074 poterat.
234 1012 264 1076 69
274 1028 357 1062 resson
367 1013 583 1072 ostie-tendentem
592 1011 620 1073 of
626 1013 670 1062 lter
678 1026 730 1074 nge.
763 1013 1008 1074 ctc.l.1s.Fam.·ep.
1018 1013 1058 1057 60.
1075 1008 1198 1071 Intellexi,

113 1075 252 1138 rst‘pn'mum
261 1092 304 1140 per
311 1085 404 1125 etatem
409 1075 525 1141 judicium
532 1075 609 1123 lucere
618 1077 730 1138 potueris,
743 1076 826 1141 quanti
832 1076 931 1139 quisque
941 1073 986 1137 tibi
995 1073 1118 1122 leniendus
1126 1079 1198 1128 esset,
1239 1111 1240 1117 ,

112 1154 156 1186 me
168 1154 181 1185 s
192 1147 216 1187 te
226 1141 252 1187 in
262 1142 343 1205 primis
353 1149 457 1204 coeptum
466 1155 518 1188 esse
530 1138 607 1202 diligi.
623 1155 651 1190 cs
659 1155 715 1189 soon
723 1155 806 1205 66966
815 1155 856 1190 ore
865 1156 880 1189 6
890 1140 953 1189 little
961 1141 1078 1190 66666666
1086 1138 1110 1186 is
1121 1152 1199 1200 years,

112 1205 267 1266 6666696616
285 1205 420 1267 ofjudging
434 1204 534 1269 6191119.
559 1206 604 1253 rt.
620 1219 664 1268 pro
681 1205 742 1266 Leg.
759 1205 846 1255 Monil.
861 1220 883 1253 c.
903 1208 926 1253 l.
942 1203 1022 1251 Antea
1042 1217 1085 1265 per
1097 1207 1200 1248 estatem

110 1266 187 1330 liujus
196 1269 357 1317 auctoritatem
367 1269 413 1318 loci
427 1269 564 1332 contingere
574 1282 622 1316 non
637 1267 760 1317 audebam.
794 1270 832 1318 Id.
843 1284 888 1331 pro
898 1269 969 1318 Dent.
980 1284 1001 1318 c.
1012 1270 1052 1316 ts.
1068 1267 1155 1316 Factus
1173 1280 1200 1313 es

115 1330 170 1394 ejus
186 1330 249 1381 filius
258 1340 340 1381 coutrn
350 1334 395 1390 ias,
406 1332 474 1397 cujus
484 1348 526 1396 per
536 1338 630 1381 estatem
641 1340 708 1396 pater
717 1349 768 1382 esse
778 1333 886 1398 potuisti.

439 1479 444 1484 ·
486 1493 489 1496 -
524 1465 563 1510 17.
574 1462 631 1511 ‘Per
638 1464 681 1525 pro
689 1467 793 1526 propter.

150 1541 203 1590 Per
221 1541 337 1590 interdum
348 1550 386 1591 est
399 1547 502 1606 propter.
537 1542 588 1591 cto.
598 1543 627 1592 de
641 1543 709 1592 orat.
724 1543 743 1589 1.
753 1549 778 1590 et
788 1558 810 1591 c.
821 1547 845 1592 6.
868 1541 916 1590 Per
925 1540 1039 1602 invidiam
1055 1537 1145 1602 depelli
1159 1537 1199 1584 tri·

115 1604 218 1653 bonaur.
249 1607 289 1655 Id.
305 1607 322 1654 1.
333 1610 357 1655 4.
369 1609 437 1656 lucc.
448 1623 469 1656 c.
480 1610 519 1656 67.
541 1605 666 1664 Quomodo
681 1621 821 1669 quemquam
835 1605 967 1668 peniteret,
978 1605 1043 1666 quod
1051 1604 1147 1651 fecisset
1157 1615 1201 1664 per

114 1664 289 1725 1666666616
306 1673 347 1746 tlte
361 1672 415 1721 lect
430 1670 575 1734 omnim
591 1671 685 1720 6166616
699 1686 731 1720 cn
747 1686 824 1734 66969
840 1672 948 1719 moment.
980 1668 1200 1717 ’66616616

89 1733 548 1862 --κὴέὃῖ1ὥ1ιξσῗῇ16296ί191636066
565 1799 631 1847 Plln.
641 1798 657 1845 l.
672 1801 696 1845 8.
711 1796 799 1860 epilu.
824 1796 923 1846 Tristior
932 1778 1014 1846 nudius
1029 1804 1124 1858 neptem
1135 1803 1201 1851 tpam

116 1859 230 1908 abortum
248 1861 332 1918 ecisse,
347 1864 404 1911 dum
415 1879 440 1911 se
452 1870 613 1927 pregnantem
626 1863 763 1926 puellariter
779 1863 867 1925 nescit,
878 1877 906 1909 66
917 1877 960 1926 per
970 1863 1016 1909 hoc
1028 1860 1133 1922 quaedenr
1148 1874 1201 1932 cup·
1288 1863 1292 1868 “

117 1923 416 1990 todiendapraegnantibus
433 1927 529 1976 omittit.
559 1927 792 1992 (6666116662.
812 1927 927 1989 Perque
948 1925 1097 1974 multifarium
1118 1926 1201 1972 inscrt-

115 1988 302 2054 psum)-

526 2109 565 2154 18.
583 2107 631 2155 Per
640 2106 792 2168 obsecrantis.

117 2206 121 2210 ‡
153 2152 329 2246 Nonnunquam
345 2183 489 2232 obsecrantis
504 2192 550 2232 est.
579 2175 634 2234 ’016
644 2185 661 2232 l.
673 2188 698 2233 1.
708 2184 763 2234 Art.
773 2200 809 2249 ep.
819 2189 859 2234 20.
871 2185 916 2233 ‘Ad
937 2201 966 2233 66
984 2182 1143 2248 recuperande
1159 2195 1203 2256 per
1281 2187 1284 2192 ’

72 2282 75 2286 ⁴
116 2247 227 2302 fortunas
236 2247 353 2296 incumbe.
371 2249 389 2296 I
396 2248 489 2308 conjure
498 2264 552 2312 9666,
562 2264 590 2298 nc
601 2264 652 2312 9666
662 2251 739 2298 would
747 2265 849 2313 prosper,
863 2252 970 2298 16616161
980 2265 1017 2299 me
1026 2249 1051 2297 is
1069 2259 1204 2306 recooenng

117 2312 151 2359 tt.
183 2311 223 2360 Id.
237 2313 307 2362 Brut.
317 2328 353 2376 ep.
365 2317 404 2362 16.
420 2313 467 2360 Sed
483 2328 584 2377 propere
593 2327 637 2376 per
645 2312 721 2362 Deos.
736 2314 851 2373 lustesor
862 2313 937 2364 God's
944 2315 1010 2364 66166.
1043 2311 1124 2360 'Add
1135 2311 1153 2358 1.
1165 2313 1205 2358 10.

120 2376 192 2468 Q.
226 2381 364 2489 :dediderit
371 2376 395 2487 16
402 2380 565 2488 ldiseidrrlriuiis
579 2440 641 2492 inter
650 2442 841 2504 propositionem
852 2442 950 2506 ejusque
966 2457 1045 2490 cusum
1055 2440 1204 2504 interponere

119 2517 261 2566 pronomen.
297 2505 391 2554 Terent.
399 2504 477 2553 Andr.
487 2511 512 2554 6.
521 2508 545 2552 1.
560 2505 608 2553 Per
618 2521 662 2568 ego
674 2514 697 2553 te
705 2506 773 2554 Deos
782 2521 831 2554 oro.
857 2507 946 2567 Virgtt.
963 2506 1010 2554 Per
1021 2519 1066 2567 ego
1076 2505 1119 2551 has
1129 2505 1205 2570 lacry-

121 2569 346 2681 rqcpddppmmqqq
360 2577 423 2617 tuum
439 2576 464 2617 te
482 2583 530 2618 oro.
568 2567 696 2619 Velini-5.
707 2572 766 2632 eleg.
783 2574 823 2618 11.
853 2571 940 2620 Weitz.
956 2573 988 2620 orl
1001 2571 1093 2618 Terent.
1112 2570 1203 2630 6116.

119 2644 136 2680 ¹e
230 2647 266 2681 66.
278 2648 303 2695 p.
348 2666 355 2680 .
545 2649 547 2657 ·

156 2694 451 2760 ”Notundainsupsfin
468 2697 619 2745 hislormulis
636 2696 768 2761 antiptosis,
783 2713 798 2744 6
817 2696 951 2748 Graecorum
969 2696 1139 2746 consuetudine
1159 2702 1205 2742 tra·

120 2759 204 2807 ducta.
239 2761 392 2822 Virgil.AEn.
403 2760 486 2810 l.2.v.
498 2766 554 2812 rot.
569 2762 626 2815 Per,
643 2762 663 2809 si
682 2778 727 2823 que
745 2770 790 2817 est,
809 2777 861 2825 quae
877 2769 951 2810 restet
970 2763 1047 2810 adhuc
1069 2760 1206 2809 mortalibus
1274 2777 1313 2821 .·,·,

120 2839 223 2887 usquam
232 2823 377 2873 intemerata
386 2825 453 2881 fides,
464 2840 512 2873 oro.
542 2826 598 2890 Pro,
607 2825 738 2891 perfidem.
754 2825 817 2874 Vide
829 2826 861 2874 ibi
874 2829 983 2876 06661666.
1075 2894 1078 2901 Ι

525 2911 564 2987 lt).
581 2938 632 2986 Per
642 2938 803 2999 concedentis.

156 3017 222 3066 Alius
231 3017 391 3067 concedentis.
424 3020 475 3067 Cic.
484 3020 501 3067 l.
512 3024 535 3069 4.
547 3018 623 3068 Acnd.
633 3023 654 3066 c.'
663 3023 703 3068 29.
719 3019 766 3068 Per
777 3035 813 3067 rne
823 3021 861 3067 sel
872 3027 964 3077 stertas,
974 3021 1040 3069 licet.
1057 3035 1084 3070 66
1093 3020 1138 3076 sor
1154 3035 1181 3067 ns
1193 3020 1209 3067 Ι

121 3098 164 3132 om
173 3085 306 3137 corrected,
313 3098 358 3144 you
364 3099 418 3147 6669
427 3099 483 3132 6666
494 3098 570 3132 spone.
589 3085 628 3132 Id.
639 3082 791 3145 1616666.
803 3089 843 3133 16.
855 3086 902 3133 Per
909 3102 947 3134 me
953 3085 1207 3149 istepedibustrahsn-

122 3153 172 3204 tur.
204 3147 244 3196 Id.
254 3152 270 3196 2
280 3147 371 3209 Rttttp.
382 3164 403 3197 c.
413 3152 438 3196 4.
453 3147 527 3204 Petis,
545 3148 630 3196 ut·tibi
641 3164 684 3212 per
693 3163 731 3197 me
747 3149 819 3197 licent
828 3150 945 3211 quendem
956 3151 986 3199 de
1001 3151 1074 3198 exilio
1085 3153 1207 3198 reducere.

121 3211 405 3274 96666166116691666616
416 3215 457 3275 66.
474 3213 664 3277 1666661616.
676 3217 715 3262 16.
732 3213 840 3261 Clodium
858 3215 917 3262 nihil
931 3217 1075 3272 delectatam,
1086 3217 1148 3279 quod
1166 3222 1208 3261 sut

123 3282 282 3335 perusturnm
292 3275 327 3322 fes
342 3284 413 3332 esset,
425 3283 466 3323 sut
475 3292 517 3339 per
536 3279 602 3340 leges
615 3277 705 3327 liceret.
720 3280 776 3327 took
794 3293 824 3327 66
838 3281 929 3342 deligit
942 3283 968 3330 in
981 3295 1028 3345 669
1039 3281 1119 3343 thing,
1130 3281 1207 3329 6661616

122 3353 176 3387 socc
184 3345 226 3397 sot
234 3339 311 3390 611666
319 3342 609 3400 sunctumtoruntowful.

270 3454 310 3518 16.
328 3453 378 3501 Per
388 3452 560 3509 valetudinem
577 3453 606 3522 69
617 3469 699 3504 reason
709 3456 738 3516 os
743 3456 783 3505 116
793 3461 856 3506 stote
865 3456 963 3514 ofone’s
972 3457 1059 3506 666116.

160 3530 426 3594 cn.21²tusp.e.su.
453 3531 475 3579 0
498 3531 606 3596 miserum
622 3539 656 3588 te,
671 3533 690 3580 si
706 3535 820 3598 intelligis
837 3537 884 3583 hoc
904 3537 977 3584 literis
994 3536 1111 3600 mandari,
1126 3551 1208 3584 omnes

122 3596 268 3660 consulares,
282 3597 323 3660 qui
336 3610 380 3658 per
391 3596 553 3644 valetudinem
564 3594 662 3660 exsequi
672 3597 752 3661 lugam
760 3599 826 3647 illum
837 3600 976 3662 clademque
992 3601 1133 3663 potuissent,
1145 3601 1207 3648 sedi·
1276 3622 1279 3629 ¹

124 3658 169 3705 bus
180 3660 231 3707 6616
240 3661 351 3724 expulsos
361 3675 421 3709 esse.
453 3660 517 3710 161.
528 3661 678 3724 76166669.
689 3666 712 3711 1.
730 3662 789 3710 Cum
800 3678 844 3725 per
854 3664 1012 3711 valetudinem
1022 3679 1113 3726 posses,
1126 3665 1206 3712 venire

120 3728 205 3770 -tsmen
216 3725 322 3772 noluisti.
337 3725 405 3773 66166
414 3740 474 3789 your
483 3725 562 3774 1661116
571 3727 685 3773 admitted
696 3723 723 3785 of
730 3726 759 3774 it.
781 3727 844 3774 Ioic.
855 3728 920 3777 1616.
932 3743 967 3791 ep.
979 3732 1004 3787 2.
1021 3728 1082 3775 Cum
1092 3744 1135 3791 per
1143 3730 1206 3777 vale-

124 3787 234 3835 tudinem
244 3797 268 3836 et
277 3803 321 3851 per
330 3788 386 3837 anni
394 3796 486 3852 tempus
496 3789 605 3851 navigare
615 3789 712 3852 poteris,
723 3791 753 3837 ad
762 3804 806 3850 nos
816 3791 880 3840 veni.

160 3850 193 3880 ⁶*
203 3851 236 3898 D.
249 3852 277 3899 P.
296 3855 345 3902 Per
364 3853 389 3899 in
409 3854 547 3916 compositis
566 3855 633 3904 661616
652 3855 776 3916 significat.
814 3855 875 3906 Vaut.
896 3855 945 3903 to.
956 3857 1016 3916 eleg.
1035 3858 1075 3905 st.
1092 3858 1149 3904 etl.
1168 3862 1207 3907 17.

128 3914 181 3964 Cic.
192 3919 207 3963 2
220 3917 287 3965 Verr.
304 3917 438 3965 Pervellem
452 3918 573 3966 audissent
584 3919 616 3981 hi,
628 3919 668 3982 qui
678 3917 805 3967 adfuerunt
815 3926 894 3969 untes.
909 3921 948 3969 [d.
958 3920 974 3968 1.
986 3923 1010 3968 6.
1023 3922 1052 3968 de
1062 3921 1120 3968 Fir.
1134 3938 1155 3970 6.
1167 3927 1207 3974 11.

126 3977 173 4025 Sed
191 3972 243 4028 1666
255 3980 351 4042 quidem
361 3989 397 4029 est
406 3982 526 4045 perfacilis
534 3988 560 4030 et
570 3982 723 4045 perexpedita
740 3985 871 4047 responsio.
955 4001 957 4005 ’

158 4041 184 4065 “
193 4043 247 4093 Η66
254 4044 280 4092 in
286 4061 343 4093 casu
353 4046 473 4108 eleganter
480 4046 619 4094 distrahitur
626 4063 670 4110 per
676 4047 780 4096 Turesim.
798 4049 849 4099 cte.
859 4049 876 4096 1.
886 4052 909 4097 1.
918 4051 948 4098 dc
961 4050 1030 4099 Orat.
1041 4066 1063 4098 c.
1074 4055 1114 4099 47.
1131 4050 1208 4099 Nobis

109 4107 172 4167 vists
188 4116 243 4156 sunt
255 4116 372 4173 pergrata,
385 4126 472 4172 perque
479 4110 592 4175 jucunda.
633 4113 668 4160 El
687 4128 709 4160 c.
724 4117 765 4162 411.
782 4111 828 4161 Per
837 4114 897 4161 mihi
906 4114 990 4162 mirum
1000 4116 1076 4162 visum
1091 4125 1150 4164 est·
1169 4118 1208 4165 Id.

126 4172 144 4219 l.
155 4175 179 4220 2.
190 4175 219 4223 de
232 4175 302 4224 Orot-
312 4189 333 4222 c.
343 4178 366 4222 6.
384 4173 430 4238 Per
439 4175 500 4223 mihi
510 4177 593 4223 scitum
604 4175 705 4224 videtur.
740 4178 802 4226 Gett.
815 4179 832 4225 l.
843 4181 868 4228 2.
879 4194 901 4227 6.
913 4182 953 4227 18.
969 4179 1063 4228 Socrati
1069 4189 1099 4230 et
1111 4180 1216 4227 Plutoni

123 4250 169 4298 per
185 4236 230 4286 luit
239 4238 371 4288 familiaris.
402 4239 440 4288 Id.
451 4240 468 4288 1.
481 4243 521 4290 18.
531 4255 552 4291 c.
563 4245 587 4291 4.
606 4239 661 4304 Per,
676 4239 766 4306 inquit,
780 4243 895 4310 megiste'r
907 4244 1012 4310 optime,
1028 4243 1236 4307 eroqtntusutun

122 4315 188 4346 nunc
198 4303 269 4350 venis.
300 4302 350 4349 Pro
356 4302 511 4365 perjucunda,
525 4306 668 4371 permirum,
687 4310 831 4376 pertritum,
841 4312 1030 4380 personemus,
1038 4311 1228 4374 pmssoptotuu

176 4379 245 4426 Tura.
1057 4395 1080 4439 ‘2
1093 4389 1128 4433 61

1171 4574 1255 4604 x...
