2670 4636
131 309 133 314 ,
180 252 239 309 trs
520 244 694 305 666666
724 242 967 308 russorum
1208 254 1287 331 [ιιι.

181 426 262 475 neque
272 413 404 472 ebsoiutus,
419 422 496 472 nuque
506 410 633 458 damnatus
644 410 767 467 Servilius,
784 413 813 459 dc
825 412 968 475 repetundis
982 412 1079 460 saucius
1094 412 1158 460 Piiio
1170 404 1285 463 66116661.

183 478 200 525 1.
212 481 236 527 1.
247 477 277 527 de
290 476 340 540 Off.
351 492 373 524 6.
382 479 407 524 2.
424 475 498 523 Nulla
507 474 562 521 vitai
570 488 711 537 parensque
723 477 835 539 publicis,
845 491 925 541 neque
936 476 1043 540 privatis,
1054 490 1132 553 neque
1142 477 1288 538 forensibai,

182 557 261 605 66666
272 540 411 589 domesticis
419 541 444 587 in
453 539 533 594 rebus,
541 538 647 602 nequesi
656 553 709 586 cum
719 542 795 588 altero
801 544 938 596 contrahas,
946 555 1031 589 vacare
1042 542 1121 589 6111666
1133 546 1224 604 potest.
1240 542 1256 590 i.
1262 549 1286 592 d.

183 607 253 655 1166.
261 621 297 668 ep.
309 610 345 654 17.
363 604 438 651 Nuiio
456 605 510 651 luco
520 604 593 651 deero
614 619 693 666 neque
703 603 736 651 ed
747 605 927 662 coniciendum,
937 619 1016 668 neque
1027 607 1057 653 ad
1069 605 1202 654 levandum
1212 607 1284 655 iette-

182 685 235 717 nam
248 681 321 717 tuem.
353 669 369 717 1.
379 673 404 718 0.
415 669 472 717 Au.
482 682 518 732 ep.
530 672 568 717 14.
593 640 649 714 iton
659 668 753 716 medius
767 669 836 718 fidius
846 685 895 733 pro
912 670 1022 734 iacrymis
1034 685 1127 735 possum
1138 669 1234 736 6611666
1242 687 1286 722 666

182 734 295 797 cogitare,
308 749 353 781 666
364 732 475 781 scribere.

198 828 213 856 ⁶
224 833 248 877 0.
269 831 454 891 Neque-aeque
464 832 561 883 tamem·
578 826 755 875 neither-nor.
790 829 979 892 Nepae-neque
989 843 1058 877 aero:
1069 843 1190 880 sec-nec
1199 845 1269 881 sero:

436 904 584 953 seque-see
599 904 673 948 sero,·
689 891 791 948 seitber,
803 897 931 952 666-666
940 894 1033 943 indeed.

215 973 301 1021 Piunc.
312 987 351 1035 ap.
365 972 446 1020 0161.
459 975 498 1019 10.
511 970 679 1032 1161166624.
695 971 783 1034 Neque
800 972 1008 1034 expeditissimum
1026 971 1206 1021 dimicationem
1216 982 1284 1038 pum·

183 1052 244 1092 mus,
261 1052 340 1100 neque
350 1043 431 1083 tamen
448 1033 586 1096 refugiendo
604 1035 751 1082 commissuri
766 1051 857 1097 sumus,
868 1044 895 1084 ut
907 1042 953 1086 cet.
988 1037 1041 1085 cic.
1051 1051 1094 1099 pro
1104 1038 1203 1087 Mures.
1213 1055 1237 1086 c.
1246 1043 1283 1087 86.

183 1101 269 1164 Neque
287 1099 463 1148 Lacedaemonii
479 1106 574 1145 autores
590 1097 660 1145 istius
670 1099 725 1146 vite
741 1107 814 1162 atque
828 1100 934 1155 rationis,
945 1101 986 1162 qui
996 1101 1146 1162 quotidianis
1164 1103 1244 1165 epulis
1261 1103 1285 1150 in

182 1164 265 1212 robore
284 1164 436 1212 incumbunt:
463 1177 542 1224 66666
560 1176 618 1209 sero
633 1161 727 1219 Crete«,
744 1177 841 1226 666666
859 1179 930 1213 nemu
948 1166 1053 1226 gmtavit
1066 1177 1171 1227 unquam
1188 1167 1286 1214 cubans.

183 1230 275 1291 idpro
287 1229 357 1278 Sext.
370 1244 392 1277 6.
410 1231 450 1277 16.
466 1227 553 1289 Neque
570 1226 626 1274 huic
643 1234 722 1274 vestro
739 1235 805 1276 tanto
821 1228 902 1276 studio
915 1229 1038 1288 audiendi,
1056 1243 1136 1292 neque
1154 1243 1214 1278 veru
1230 1232 1285 1280 11616

181 1301 255 1339 tantae
272 1292 425 1347 multitudini,
444 1301 533 1353 666666
551 1305 604 1337 mea
618 1291 733 1338 memorie
750 1307 873 1356 nunquam
892 1293 942 1340 6116
958 1294 983 1340 is
996 1293 1089 1358 judicio
1106 1294 1189 1351 fuerit,
1205 1293 1284 1344 (16666.

186 1357 254 1406 Tuto.
264 1359 282 1405 1.
295 1363 318 1406 b.
331 1372 353 1404 c.
364 1361 404 1405 63.
422 1354 559 1403 Secundum
570 1369 645 1416 genus
656 1369 685 1402 66
694 1354 816 1404 riditatum
831 1371 877 1405 nec
896 1357 927 1404 ad
937 1356 1077 1421 podendum
1094 1357 1192 1406 difficile
1202 1367 1285 1407 censet

184 1420 311 1484 Epicurus,
330 1435 376 1468 nec
391 1435 446 1467 varo
466 1419 497 1466 ad
510 1419 646 1466 carendum.
676 1371 719 1468 ,111
729 1420 803 1469 ΒΜ.
813 1436 850 1484 ep.
865 1425 902 1469 10.
930 1421 984 1469 Ν66
1001 1422 1027 1468 16
1045 1429 1129 1469 senatu
1149 1423 1283 1470 sceleratis·

184 1484 294 1533 simorum
308 1484 459 1532 consiliorum
477 1483 556 1530 fontes
566 1483 658 1546 aperire
675 1482 790 1540 dubitavi,
801 1499 846 1533 nec
857 1498 915 1532 vero
923 1485 972 1532 6116
983 1485 1010 1532 in
1022 1500 1048 1532 re
1062 1485 1164 1532 memini
1176 1492 1284 1535 semim

184 1549 316 1597 meliorem.
351 1549 401 1597 Pro
418 1549 476 1596 Coel.
491 1563 513 1595 c.
526 1551 566 1596 60.
591 1547 669 1596 Coelio
680 1562 758 1610 neque
772 1549 893 1612 proprium
903 1550 1042 1612 6666616616
1052 1550 1143 1597 crimen
1154 1549 1284 1615 officim

183 1628 228 1663 nec
239 1629 296 1662 veru
306 1612 397 1676 aliquid
410 1610 538 1676 ejusmodi,
549 1611 612 1675 quod
624 1611 656 1658 eit
665 1627 680 1659 6
689 1613 743 1677 lege
755 1613 897 1676 sejunctam.
932 1614 970 1663 De
982 1615 1065 1663 isari.
1075 1618 1098 1662 1.
1108 1629 1132 1663 6.
1142 1617 1169 1663 ⁸.

421 1728 460 1773 10.
479 1725 655 1787 Neque-sec:
671 1738 838 1787 nec-iteum
853 1725 947 1775 settin
955 1739 1040 1774 -sor.

216 1806 339 1854 Interdum
355 1819 427 1867 66666
438 1819 546 1853 6166666
564 1804 698 1865 copuletur.
734 1803 864 1853 016116.
877 1805 1029 1868 Famem.
1045 1803 1126 1866 Reges
1142 1819 1221 1870 66666
1232 1805 1283 1870 opi-

182 1871 227 1918 bus
234 1869 371 1924 6661611661,
382 1883 427 1916 nec
439 1868 559 1915 voluntate
570 1873 633 1915 sunt.
666 1868 730 1917 ibid.
738 1868 755 1915 1.
760 1873 785 1918 6.
795 1883 829 1932 ep
836 1873 868 1916 b.
883 1869 970 1932 116666
980 1868 1045 1916 enim
1055 1869 1164 1918 obscuris
1169 1872 1285 1933 personis,

181 1949 228 1982 nec
238 1934 318 1997 putris
328 1933 352 1980 in
365 1931 442 1979 causis
452 1947 489 1978 res
499 1938 590 1994 agettir.
623 1930 635 1954 ⁸
643 1928 710 1981 Add.
721 1933 760 1980 Id.
772 1933 790 1979 i.
796 1937 821 1980 2.
829 1933 884 1982 Ate.
894 1947 930 1993 ep.
942 1937 984 1982 20.
995 1932 1012 1979 1.
1023 1937 1049 1983 8.
1058 1946 1097 1996 ep.
1109 1932 1151 1982 20.
1162 1940 1226 1983 extr.
1235 1942 1261 1983 et
1270 1936 1285 1983 i.

183 2002 207 2048 2.
217 2014 253 2059 ep.
265 2002 305 2047 10.
328 1997 342 2026 ⁵
353 1997 406 2044 Nec
421 1995 479 2058 quid
493 1994 587 2051 1661666,
598 1995 760 2059 seim-neque
778 2004 870 2044 tuntum
887 2004 924 2044 est
940 1995 966 2043 16
984 2011 1018 2054 re,
1028 2004 1132 2060 quantus
1140 2006 1181 2047 est
1196 1999 1286 2050 666616.

181 2063 200 2108 i.
213 2066 253 2112 10.
269 2063 340 2112 Fam.
349 2077 385 2124 ep.
398 2066 437 2109 16.
457 2061 488 2108 od
500 2060 573 2108 Brut.
584 2063 672 2122 6616.

566 2158 607 2203 11.
621 2154 741 2206 Nec—et:
758 2162 895 2220 mque-et.

215 2235 285 2284 Alias
301 2251 343 2284 uec
352 2243 377 2283 et
388 2249 461 2297 neque
469 2248 525 2281 cnm
534 2238 557 2281 et
564 2234 708 2298 junguntur.
743 2237 795 2285 Cic.
807 2237 872 2285 1.10.
886 2237 955 2286 Fam.
965 2252 1002 2300 ep.
1011 2241 1035 2285 1.
1051 2236 1164 2288 summ
1174 2246 1284 2290 nostrum

183 2308 273 2347 tanturn
290 2316 304 2346 6
321 2309 345 2346 te
364 2298 425 2361 fieri,
435 2314 480 2346 nec
491 2297 569 2353 miror,
587 2310 613 2345 et
629 2299 731 2360 gaudeo.
764 2300 1033 2350 miciacense
1050 2309 1148 2366 tempus
1163 2305 1284 2353 tutumad

184 2364 254 2411 unius
271 2365 415 2410 voluntatem
426 2369 463 2408 est
480 2361 707 2410 accommodandum
717 2370 742 2410 et
753 2364 886 2426 prudentis,
900 2374 926 2413 et
937 2364 1049 2430 liberatis,
1059 2375 1086 2413 et
1096 2375 1124 2414 ut
1133 2368 1282 2431 perspexisse

182 2428 274 2482 videor,
283 2443 327 2475 nec
339 2443 352 2474 e
363 2443 401 2474 me
410 2425 491 2480 alieni,
501 2433 525 2473 et
534 2424 577 2472 tibi
589 2426 732 2474 amicissimi.
767 2427 782 2456 ⁸
794 2428 833 2476 Iti.
844 2428 862 2475 1.
872 2433 896 2478 2.
911 2432 940 2478 de
952 2429 1006 2493 Off.
1019 2445 1041 2478 6.
1052 2432 1093 2479 12.
1109 2439 1135 2478 et
1145 2432 1164 2478 1.
1174 2436 1200 2481 1.
1212 2437 1283 2483 614.

182 2493 223 2541 id.
235 2493 251 2539 1.
263 2495 325 2540 Lde
339 2493 409 2539 Orat.
421 2507 441 2538 6.
454 2493 495 2538 tu.
519 2489 597 2553 Homo
614 2506 692 2555 66666
709 2506 762 2538 mco
774 2491 869 2555 judicio
884 2495 981 2551 stultus,
998 2501 1023 2542 66
1033 2509 1077 2543 666
1088 2495 1160 2544 vaide
1171 2497 1285 2560 prudens.

184 2557 251 2606 *Id
265 2558 283 2604 1.
299 2556 467 2616 12116666.
484 2559 552 2604 2161
566 2558 808 2619 29.etproMutt.c.
822 2562 846 2606 1.

571 2651 586 2679 ⁴
599 2655 639 2702 12.
656 2654 796 2716 Neque-ei
807 2661 894 2705 tumen.

219 2737 282 2784 Ceio.
292 2736 309 2785 1.
321 2743 346 2782 et
356 2752 378 2783 6.
390 2739 415 2782 6.
428 2735 456 2783 de
469 2734 574 2796 Trygod.
589 2732 677 2781 Vinum
699 2733 780 2781 bibere
801 2735 854 2782 lene
874 2742 976 2798 oportet,
996 2737 1170 2792 subausterum,
1189 2737 1284 2791 modice

183 2807 260 2855 vetus,
279 2814 357 2862 neque
369 2800 445 2847 611666
455 2813 533 2860 66666
546 2797 638 2854 timide,
651 2805 678 2845 ut
689 2813 766 2861 neque
777 2799 881 2847 cruditas
893 2815 922 2846 ex
934 2814 974 2855 eo,
983 2807 1008 2847 et
1018 2809 1099 2848 661666
1109 2816 1206 2851 somnus
1217 2803 1268 2853 fiet.

312 2895 327 2926 ¹*
337 2901 378 2946 13.
395 2897 522 2946 Nec-uc:
539 2910 673 2958 neque-uc
687 2896 773 2951 tutinus,
789 2903 844 2944 sunt
859 2896 994 2960 sequiorum
1004 2904 1146 2960 temporum.

216 2978 293 3027 Tacit.
304 2976 390 3038 Amic.
400 2993 422 3025 c.
437 2977 497 3039 10.§
509 2979 533 3023 6.
548 2975 665 3024 Naturam
676 2977 760 3024 oceani
767 2983 838 3040 atque
849 2985 922 3025 estus
931 2991 1009 3039 66666
1016 2990 1122 3039 quarere
1129 2977 1200 3041 hujus
1205 2979 1283 3042 operis

181 3050 227 3096 est,
238 3056 266 3088 ac
278 3042 348 3089 multi
356 3041 464 3088 retulere.
497 3040 597 3090 Sueten.
614 3043 743 3104 Vespos.c.
754 3045 793 3089 12.
810 3041 1001 3089 Μ66166616666ι6
1010 3041 1136 3103 pristinem
1145 3055 1226 3106 neque
1237 3043 1282 3090 dte

181 3105 302 3154 simuiavit
318 3120 423 3168 unquam
440 3104 610 3166 Vespasianus,
622 3120 649 3152 ac
666 3106 802 3166 frequenter
812 3105 883 3152 etiam
897 3120 946 3168 prm
957 3121 982 3152 se
993 3105 1055 3152 tulit.
1089 3108 1214 3156 1361166611.
1230 3108 1287 3156 Η.

177 3174 262 3222 ,6.11.
279 3167 355 3229 princ.
372 3169 466 3216 Caetem
474 3183 552 3231 neque
562 3184 708 3223 enumerare,
721 3183 749 3217 66
765 3168 841 3215 61666
851 3184 928 3218 serere
938 3169 1070 3233 digmmur.
1104 3170 1168 3235 (Sed
1177 3171 1200 3220 ι’
1210 3178 1283 3235 sequi

182 3237 247 3288 -ei,
257 3239 348 3297 rectum
358 3241 405 3290 est,
415 3232 499 3295 quidni
509 3234 553 3280 hoc
563 3232 587 3295 ?)

535 3328 550 3356 ⁶
561 3332 601 3377 14.
619 3328 759 3389 Neque-et
770 3344 816 3378 666
826 3344 870 3392 pro
882 3346 932 3379 uec.

218 3410 270 3460 Cic.
282 3411 299 3456 l.
312 3413 337 3458 6.
347 3411 376 3458 de
389 3409 442 3474 Off.
451 3425 473 3456 c.
485 3414 508 3457 1.
525 3408 651 3458 Airicunus
666 3423 745 3471 neque
767 3410 875 3458 cessabat
895 3425 1007 3474 unquam,
1023 3418 1049 3458 et
1065 3406 1186 3462 intertium
1207 3413 1283 3463 cuilu-

184 3473 346 3542 66166166ῐί66
357 3489 405 3523 non
416 3473 510 3537 egebat.

409 3571 424 3599 ⁴
437 3574 476 3619 15.
494 3570 546 3619 Nec
557 3571 595 3617 vei
606 3585 771 3634 aeque-que:
788 3587 1051 3636 66666-66666-666.

213 3652 484 3717 ,6161611666626
507 3650 556 3698 Sed
567 3666 611 3699 nec
622 3650 663 3698 1116
673 3651 778 3699 extincta
792 3660 855 3710 sunt,
871 3653 1014 3714 alunturque
1029 3651 1110 3714 potius
1126 3659 1154 3701 et
1166 3661 1284 3716 augentius

183 3719 325 3782 cogitatione
337 3726 362 3766 66
372 3715 491 3764 memoria.
525 3717 565 3766 Id.
576 3717 594 3762 l.
604 3721 628 3764 2.
639 3716 796 3767 1161116166.
810 3721 851 3766 43.
869 3717 902 3764 111
913 3733 957 3766 nec
968 3718 1066 3764 totidem
1077 3731 1155 3764 annus
1162 3718 1285 3776 61666666,

183 3799 246 3832 enno
267 3785 332 3832 enim
350 3781 428 3830 Procli
447 3781 496 3828 vite
514 3781 607 3829 brevior
624 3779 679 3844 fuit,
695 3781 843 3844 multumque
859 3782 880 3829 is
892 3782 959 3830 fratri
973 3797 1047 3830 retum
1067 3791 1187 3844 gestarum
1208 3783 1283 3846 gioria

182 3847 303 3910 prestitit.
335 3847 438 3896 206111.
456 3861 478 3893 6.
497 3849 539 3893 13.
557 3847 620 3893 Coes.
638 3846 672 3892 Β.
684 3845 712 3892 C.
725 3845 742 3890 1.
760 3850 783 3892 6.
795 3862 816 3894 6.
832 3850 872 3895 14.
890 3846 980 3909 Sulpii.
995 3847 1013 3893 l.
1028 3851 1054 3894 4.
1064 3846 1116 3894 Cic.
1127 3847 1198 3894 Fam.
1208 3863 1247 3910 ep.
1258 3852 1284 3895 e.

185 3913 248 3959 666.
258 3913 290 3960 Β.
302 3914 335 3960 G.
346 3912 363 3959 1.
375 3916 399 3958 6.
407 3926 428 3958 6.
439 3914 463 3958 2.
479 3909 651 3969 Trevirineque
663 3908 802 3956 6166661116
813 3911 948 3967 veniebant,
960 3926 1037 3974 66666
1048 3910 1150 3973 imperio
1157 3911 1284 3973 parebunt,

183 3974 363 4036 Germanosque
378 3971 853 4022 6666666666661116116666166666666.
885 3976 937 4024 Cic.
949 3975 998 4023 1.1.
1009 3976 1078 4026 Fum.
1086 3989 1125 4037 cp.
1134 3979 1162 4026 0.
1169 3977 1187 4040 ‘i
1197 3976 1242 4026 60.

563 4085 578 4114 ⁴·
590 4087 630 4134 16.
648 4085 835 4149 Neque—neque
845 4101 899 4135 666.

220 4167 296 4214 Varro
312 4167 495 4228 1616666666.
512 4164 559 4212 His
572 4164 619 4211 diis
635 4165 753 4227 propitiis,
772 4181 850 4229 neque
871 4168 953 4230 rubigo
965 4169 1081 4217 frumenta
1096 4176 1168 4233 atque
1186 4170 1287 4218 arbores

174 4230 312 4295 conumpit,
331 4244 411 4295 66666
430 4244 478 4278 666
495 4229 637 4294 tempestiue
648 4228 742 4277 florent.
775 4231 813 4278 Id.
824 4232 840 4279 l.
850 4234 873 4279 2.
885 4232 918 4280 R.
929 4233 962 4281 R.
975 4249 996 4280 6.
1009 4237 1033 4282 2.
1043 4233 1091 4281 eti.
1102 4239 1127 4282 3.
1137 4239 1209 4283 616.
1232 4236 1284 4283 Cic.

160 4300 180 4350 1.
192 4301 217 4349 «1.
230 4297 304 4350 Fam.
315 4313 355 4364 sp.
365 4301 407 4350 12.
427 4294 518 4360 Neque
534 4295 627 4346 tristius
638 4292 720 4344 dicere
736 4295 868 4360 quicquum
880 4295 958 4346 debeo
968 4296 1001 4344 ie
1009 4312 1041 4343 66
1052 4313 1089 4350 xe,
1104 4313 1176 4358 6666
1185 4309 1218 4346 m
1229 4299 1284 4361 1666
