2670 4636
130 234 193 310 nr]
271 323 273 335 Ι
498 216 563 291 'us
587 228 828 291 rrsrrcuurs
853 244 910 294 ere.
989 266 992 272 -
1153 238 1217 296 err

127 395 161 429 ne
171 397 220 430 non
233 381 356 430 sembendo
367 387 391 428 te
402 380 519 442 expleam.
537 380 554 428 I
563 395 601 428 em
611 384 654 428 not
665 385 692 428 nt
700 381 733 428 ult
742 379 823 438 afraid
833 381 863 439 os
868 385 911 428 not
922 380 1022 442 wetting
1031 383 1122 443 enough
1130 387 1155 430 to
1166 399 1220 447 pou.

126 446 198 508 nte
214 447 367 497 Verr.c.38.
399 445 454 492 Non
472 461 562 501 vereor,
578 459 608 492 ne
624 446 670 492 hoo
686 445 786 492 officium
806 461 884 492 meum
909 445 936 493 P.
956 445 1055 494 Servilio
1071 447 1147 510 judici
1170 464 1219 496 nou

126 512 236 573 probem.
253 513 271 561 I
278 528 317 560 orn
328 514 440 560 andoeno
450 511 618 572 apprehendere
629 511 746 558 whatever
756 510 906 568 osSeroe'tius
914 511 984 571 being
994 511 1139 575 dissutitficd
1150 513 1218 570 ont,

124 579 169 638 tc.
182 581 198 625 ⁷
212 576 277 625 Velm.
289 593 311 623 c.
321 581 362 625 61.
379 575 440 623 Cum
451 573 535 636 loquer
548 575 612 636 apud
620 574 679 636 juris
689 582 791 636 autores,
800 576 884 622 timere
895 590 944 635 nou
959 575 1044 630 debeo,
1055 591 1086 623 ue
1096 592 1145 623 non
1155 593 1217 625 unus

126 640 173 687 istc
183 641 243 688 civis
254 630 430 689 Romanus-illis
439 654 509 687 cruce
523 639 617 701 dignus,
627 639 706 686 caeter'r
716 654 800 686 omnes
818 639 890 686 simili
900 641 1004 702 periculo
1015 639 1171 704 indignissimi
1178 641 1217 706 ju·

124 705 247 753 dicentur.

161 769 194 801 ⁸*
203 769 257 818 Etsi
267 769 416 819 Grsmrustici
430 767 524 830 jubent,
544 774 599 830 post
609 767 681 814 verbs
691 767 789 815 timendi
801 773 826 814 nt
839 767 948 828 negative
966 784 1097 833 exponere,
1110 784 1140 817 ne
1154 770 1216 828 atlir·

122 834 214 882 metire
229 850 349 897 exponere
360 851 366 879 ε
385 834 534 880 observatum
545 840 582 879 est
592 839 672 879 tamen
682 833 739 879 viris
749 832 858 887 eruditis,
868 834 931 880 idern
941 834 1001 882 effici
1013 850 1068 882 cum
1078 833 1215 899 uegetiore,

123 914 156 946 ac
176 900 230 946 sine
251 916 288 947 er.
326 900 388 948 Vatt.
399 899 416 944 l.
428 901 451 944 ³.
459 899 530 959 Eleg.
542 913 564 944 c.
572 901 612 944 27.
624 898 731 946 Budoens
748 902 829 954 annot.
838 899 912 959 pstor.
923 900 989 962 inff.
1001 902 1017 946 l.
1027 901 1053 947 in
1069 899 1168 958 eojnre:
1185 900 1215 950 de

122 963 178 1012 ritu
187 970 254 1027 num.
265 964 354 1013 Ateus.
364 966 395 1011 cd
407 966 422 1011 t.
433 963 528 1010 deictus.
540 962 639 1022 Dignst.
647 963 747 1010 άευονὺ.
754 961 818 1019 sign.
835 962 955 1010 Nimirum
965 963 1028 1026 quod
1039 965 1063 1010 in
1069 964 1127 1026 ipsis
1135 965 1215 1011 verbis

70 1072 74 1079 .
122 1027 218 1078 occulte
229 1032 338 1090 quiedam
351 1028 388 1074 vis
399 1027 430 1074 sit
439 1027 551 1090 negandi.
583 1026 649 1073 idem
657 1025 730 1089 igitur
740 1040 806 1073 esse:
825 1028 905 1082 timeo,
920 1043 951 1075 ue
961 1027 1083 1082 morietur,
1093 1036 1118 1076 et
1132 1030 1213 1084 timeo,

70 1088 73 1106 '
117 1099 151 1140 ut
164 1094 285 1142 morietur.
318 1093 373 1150 Qus
385 1092 475 1139 ratione
494 1091 596 1153 positum
614 1097 719 1139 essetne
733 1097 824 1154 prout,
841 1092 905 1154 quod
920 1092 977 1140 elibi
991 1108 1085 1156 qnoque
1101 1093 1153 1140 fien'
1171 1095 1213 1142 Vt·

120 1159 214 1207 ctorins
224 1161 317 1218 Gestig.
326 1158 352 1205 in
365 1157 415 1204 Cic.
423 1171 448 1219 p.
460 1160 515 1205 199.
526 1157 606 1203 docet.
625 1155 664 1202 Sic
677 1155 747 1204 oeta.
758 1155 775 1202 l.
784 1160 807 1204 l.
815 1159 843 1205 de
852 1158 925 1206 Pont.
933 1159 992 1218 eleg.
1005 1162 1030 1207 1.
1039 1172 1068 1207 ne
1078 1172 1125 1206 nort
1135 1159 1215 1220 poenit

120 1227 267 1284 monimen.
283 1223 378 1270 Nonou
395 1221 521 1286 peccarim,
536 1235 704 1283 morsquoque
721 1235 769 1267 non
786 1221 867 1269 faciet.
899 1221 944 1269 Est
960 1223 1024 1269 enim
1044 1224 1091 1271 hoc
1110 1237 1159 1270 nou
1176 1223 1214 1270 in·

117 1285 238 1349 frequens
251 1287 334 1350 po'e'tls,
351 1293 378 1333 ut
392 1285 482 1349 duplici
491 1286 617 1348 negatione
629 1292 724 1333 utentur
735 1284 790 1332 rice
799 1286 878 1334 unius.
913 1287 969 1336 Vid.
979 1287 1042 1336 θοαὶ.
1052 1288 1083 1335 sd
1100 1289 1214 1350 Propert.

120 1367 149 1415 p.
162 1355 219 1402 184.
234 1360 260 1399 et
274 1353 304 1400 ad
323 1352 408 1400 estun.
422 1368 445 1413 p.
460 1353 517 1399 222.
529 1354 585 1398 230.
596 1353 653 1398 266.
671 1351 1214 1414 PorrotsleestexemplumCie-..l.12·an

119 1430 157 1479 ep.
167 1420 208 1466 19.
225 1417 283 1464 Nou
291 1417 353 1463 enim
364 1415 509 1468 dubitabam,
526 1413 583 1476 quin
599 1430 639 1462 eas
650 1413 746 1477 (literas
758 1415 833 1477 niens)
843 1416 946 1475 libenter
957 1416 1061 1464 lecturus
1073 1432 1152 1464 esses:
1170 1431 1211 1464 ve·

117 1480 198 1537 rebar,
213 1497 244 1528 ne
262 1481 424 1529 redderentur.
458 1478 561 1526 Perinde
577 1479 639 1527 enim
657 1483 703 1534 est,
717 1492 745 1525 ac
761 1480 781 1526 si
796 1479 938 1541 scripsisset,
951 1486 977 1529 at
988 1483 1149 1530 redderentur.
1165 1482 1213 1542 (Et

118 1543 156 1592 sie
164 1544 217 1608 jain
226 1546 328 1606 editur.)
346 1545 403 1593 Vid.
415 1545 473 1593 itit.
484 1543 581 1605 Amerp.
615 1543 673 1590 Tele
684 1550 710 1590 et
723 1544 874 1593 Camerarius
884 1544 1016 1593 observant
1027 1546 1116 1594 Comm.
1124 1545 1149 1592 in
1159 1545 1176 1592 l.
1188 1551 1211 1594 1.

120 1610 193 1659 iisse.
204 1625 230 1674 p.
240 1616 297 1660 lte.
315 1611 374 1657 illud
382 1625 425 1672 pro
436 1611 521 1657 Plonc.
546 1608 594 1655 Sed
605 1622 676 1670 qoam
686 1615 855 1670 tempestatem
866 1624 910 1656 nos
919 1611 1040 1657 vobiscum
1056 1624 1103 1657 non
1115 1609 1211 1658 tulisse·

118 1688 181 1730 mus,
192 1675 286 1730 metuit,
302 1683 330 1722 ut
340 1690 393 1722 eam
406 1674 459 1736 ipse
470 1688 518 1721 non
533 1681 614 1735 posset
630 1671 715 1734 opibus
728 1674 779 1720 suis
798 1674 923 1723 sustinere.
956 1675 1004 1723 Fac
1021 1689 1051 1724 ns
1064 1690 1111 1723 non
1125 1681 1212 1737 posset,

116 1738 186 1787 idern
199 1740 298 1788 dixeris.
329 1739 378 1787 Cui
392 1738 493 1786 similem
507 1739 587 1784 locum
607 1737 711 1785 Gesseris
725 1737 742 1784 l.
753 1744 777 1784 5.
795 1740 825 1785 de
842 1739 876 1786 Β.
889 1739 957 1788 Gall.
974 1739 1009 1803 (c.
1025 1738 1081 1802 tr.)
1100 1739 1211 1802 producit

118 1801 266 1854 Stetoecdins
283 1821 307 1868 p.
318 1807 374 1852 tte.
392 1803 498 1858 Veritus,
506 1809 534 1849 ut
543 1801 646 1866 hostium
656 1800 773 1863 impetum
783 1802 900 1850 sustinere
909 1817 956 1852 non
968 1810 1058 1866 posset.
1073 1803 1134 1866 (Sed
1141 1804 1212 1852 hodie

115 1878 185 1917 recte
193 1867 539 1928 edimrne-non.v.1ntsrpr.
551 1866 674 1915 curtim
681 1872 708 1913 et
717 1867 916 1928 Oudendorpinm.
949 1868 981 1915 Et
991 1868 1113 1917 Ciceronis
1121 1868 1210 1926 aliems

118 1931 219 1989 Vereor,
230 1949 261 1981 ne
269 1934 323 1980 sotis
334 1933 461 1995 diligenter
468 1931 494 1977 in
502 1938 584 1977 senatu
596 1937 674 1978 actum
687 1929 720 1976 sit
731 1931 761 1978 de
772 1932 833 1978 meis
848 1932 941 1981 litteris.
974 1932 1034 1980 Haec
1045 1932 1144 1980 cum‘its
1152 1933 1211 1988 sint,

116 2011 177 2046 usus
187 2004 267 2046 temen
279 1997 427 2058 frequentior
444 1994 658 2042 Grammaticorum
668 1993 774 2054 regulum
783 1995 913 2043 confirmet.
946 1997 1006 2053 Qum
1017 2005 1043 2044 et
1054 1998 1211 2045 Steweeltium

115 2060 222 2109 movisse
239 2061 300 2110 ratio
319 2061 420 2112 videtur.
436 2066 464 2106 ut
475 2059 537 2105 locos
553 2059 611 2105 istos
622 2056 652 2103 de
668 2058 753 2105 menda
767 2058 866 2107 haberet
880 2068 1011 2122 suspectos.
1044 2061 1102 2109 Vid.
1113 2061 1175 2108 infre
1186 2059 1212 2108 in

120 2125 166 2175 Ut.
183 2125 268 2175 'Add
278 2125 373 2174 Sonetii
384 2124 526 2178 Minervam,
543 2122 598 2185 (qui
613 2121 701 2169 similia
711 2121 813 2185 colligit)
826 2132 850 2171 et
860 2131 930 2172 notes
940 2126 1061 2174 Perizonii
1073 2142 1097 2189 p.
1108 2138 1142 2173 m.
1153 2130 1211 2175 811.
1305 2171 1308 2176 .

113 2203 173 2255 *Ἧι
188 2189 243 2255 (qui
252 2190 341 2239 refellit
352 2187 500 2251 Sennium.)

544 2319 852 2382 αΜωωΜ..

150 2399 191 2448 Ne
201 2413 244 2463 pro
253 2405 282 2448 nt
295 2415 343 2448 nnn
360 2398 471 2447 usitatius
488 2406 534 2456 est,
550 2413 621 2460 qusm
637 2407 664 2446 ut
682 2399 799 2462 exemplis
813 2398 981 2447 illustrandum
998 2401 1115 2448 videatur.
1149 2401 1211 2451 Setis

111 2469 155 2510 est
171 2461 306 2526 admonere,
316 2479 359 2528 pro
370 2471 398 2514 nt
408 2479 453 2512 non
464 2463 625 2526 usrnpsndum
635 2479 687 2512 esse
699 2479 737 2513 ne.
769 2463 784 2492 ⁸
797 2465 860 2511 Cels.
870 2464 887 2509 l.
897 2470 923 2511 et
933 2480 955 2511 c.
966 2469 990 2514 4.
1000 2468 1030 2514 de
1040 2465 1148 2532 difficult.
1159 2466 1209 2528 spi·

112 2530 186 2577 ΝΜ.
218 2528 281 2576 Cum
297 2529 397 2576 occessit
414 2527 440 2574 id
459 2543 561 2590 quoque,
577 2543 607 2574 nc
617 2528 664 2574 nisi
674 2538 740 2576 recte
751 2529 843 2575 cervice
853 2528 949 2591 spiritus
965 2531 1077 2586 trslretur,
1087 2528 1210 2592 ὀρθόπνοια

112 2592 257 2655 appelletur.
291 2593 377 2656 Neque
389 2601 470 2640 temen
480 2607 649 2654 usquequaque
660 2607 689 2641 ne
701 2607 743 2655 pro
753 2597 781 2640 nt
791 2607 837 2640 non
846 2591 902 2654 poni
909 2599 989 2655 potest
999 2601 1095 2642 temere.
1112 2595 1211 2657 (Veluti

111 2657 190 2706 murs
200 2657 244 2706 illa
256 2658 322 2707 Celsi
332 2673 381 2706 non
392 2657 486 2720 probari
497 2664 576 2720 potest
587 2673 594 2705 ι
611 2656 760 2720 debebetque
771 2671 821 2704 esse
832 2662 859 2704 nt
871 2671 916 2704 non
927 2657 966 2719 n.)

370 2771 385 2800 ¹*
400 2775 436 2820 to.
456 2759 623 2827 Nee—idcirco,
634 2770 672 2818 vel
683 2771 744 2826 ideo,
752 2771 792 2817 vel
800 2776 898 2833 propter
906 2769 957 2818 tec.
994 2771 997 2777 ’

150 2849 202 2901 cte.
211 2852 228 2898 l.
237 2857 262 2901 4.
273 2850 348 2901 Accd.
358 2868 380 2900 ο.
388 2857 429 2900 25.
455 2851 571 2907 Quodne
590 2852 616 2898 id
631 2851 711 2899 fecere
729 2864 819 2913 posses,
836 2849 924 2898 idcirco
941 2849 992 2896 heri
1011 2865 1058 2897 non
1077 2846 1211 2901 necessario

111 2915 168 2963 loco
177 2925 259 2964 contre
270 2931 354 2964 censos
365 2925 414 2964 tam
426 2917 498 2962 multa
509 2916 624 2962 dixeram.
657 2916 696 2964 ld.
704 2921 749 2978 pro
768 2917 862 2962 Cluent.
872 2931 894 2962 c.
905 2919 946 2962 46.
969 2913 1009 2961 Ne
1026 2915 1125 2962 nimium
1140 2918 1209 2966 multi

170 2995 209 3027 sm
220 2981 306 3044 capitis
316 2981 438 3035 subirent,
454 2980 542 3028 idcirco
557 2980 601 3027 ills
614 2981 706 3027 sortitio
722 2986 857 3040 comparate
875 2986 920 3026 est.
953 2980 992 3027 tr.
1002 2993 1044 3042 pro
1061 2981 1141 3029 Flere.
1153 2997 1174 3028 c.
1185 2987 1210 3031 9.

140 3047 286 3108 eoomumpi
301 3045 388 3093 tebulae
405 3045 475 3092 facile
489 3045 588 3107 possint,
605 3044 694 3092 idcirco
710 3044 748 3090 lex
760 3045 892 3106 obsignatas
909 3044 933 3089 in
944 3044 1041 3107 publico
1054 3046 1110 3106 poni
1125 3047 1209 3094 voluit.

112 3108 193 3156 Leni.
206 3113 246 3157 28.
258 3126 278 3157 c.
289 3114 329 3158 tt.
347 3110 462 3164 Licinius,
472 3124 527 3157 nee
542 3107 615 3158 sacris
626 3109 686 3156 absit
701 3108 810 3170 pontifex
826 3109 946 3163 maximus,
958 3109 1013 3156 ideo
1024 3109 1049 3156 in
1060 3117 1146 3158 sortem
1158 3117 1208 3160 tam
1264 3125 1265 3130 ’

112 3172 251 3236 longinque
263 3174 392 3236 provincie
409 3188 457 3221 non
475 3174 549 3221 venit.
583 3174 675 3222 Colum.
687 3174 704 3221 1.
716 3177 755 3222 12.
765 3174 834 3236 pref.
851 3173 890 3220 Ne
907 3189 981 3236 genus
1000 3175 1129 3225 humanum
1145 3183 1207 3224 tem-

111 3237 180 3300 pcris
191 3237 363 3301 longinquitste
375 3239 503 3296 occideret,
517 3245 612 3302 propter
624 3240 668 3286 hoc
680 3254 729 3286 mss
739 3255 791 3286 cum
802 3238 900 3287 loemins
909 3246 945 3286 ast
952 3238 1101 3303 conjunctus.
1156 3247 1160 3251 “

592 3380 631 3423 11.
652 3377 686 3424 Ut
697 3391 734 3424 ne.

144 3454 272 3503 Interdum
290 3456 433 3519 preponitur
449 3462 485 3506 ut.
521 3456 572 3503 Cic.
588 3450 604 3501 l.
618 3459 639 3503 1.
650 3458 678 3504 de
698 3455 749 3519 Off.
761 3472 783 3503 c.
795 3461 819 3505 t.
836 3455 941 3505 Justitiae
953 3457 1053 3519 primum
1070 3470 1153 3502 munus
1164 3461 1208 3511 est,

111 3529 139 3568 ut
148 3535 180 3567 ne
191 3521 231 3568 cui
241 3521 295 3583 quis
302 3530 397 3569 nocest.

144 3585 177 3615 ⁴¹*
187 3584 220 3631 D.
238 3584 285 3632 llic
296 3601 326 3634 ne
336 3587 399 3632 valet
412 3600 458 3634 non
473 3585 515 3645 (ne
531 3585 583 3645 quis
601 3589 669 3645 putet
688 3584 878 3646 conjunctionem
888 3583 963 3644 esse).
989 3583 1073 3631 Linnc.
1090 3584 1107 3629 l.
1121 3587 1133 3630 1
1148 3589 1172 3629 et
1184 3587 1208 3630 2.

113 3650 213 3700 oscus.
223 3664 248 3711 p.
261 3654 325 3698 180.Ι
335 3651 393 3698 ote.
404 3655 432 3696 ut
441 3651 511 3696 infre.
527 3649 566 3696 Ne
584 3649 675 3694 rivam:
693 3663 724 3693 ne
736 3647 778 3695 Dii
789 3649 896 3698 siverint.
906 3662 937 3694 ne
948 3661 1019 3708 nego.
1031 3656 1056 3694 et
1066 3648 1124 3693 sllss
1136 3658 1209 3711 saepe.

112 3714 197 3763 Pure.
210 3714 318 3762 Trinnm.
340 3714 395 3762 Nisi
405 3723 431 3761 tu
439 3715 527 3760 nevis.
563 3712 748 3773 Weitz.p.178.
760 3711 790 3758 sd
801 3713 855 3761 Ter.
868 3712 971 3759 Ennius:
985 3711 1083 3758 Utinam
1092 3727 1123 3757 ne
1133 3711 1158 3757 in
1168 3726 1209 3758 ne-

110 3794 176 3827 nrsre
186 3777 258 3826 Pelio
269 3785 314 3828 cet.
331 3793 374 3842 pro
389 3779 486 3828 Utinam
496 3793 551 3827 non.
570 3777 624 3824 Huc
636 3775 757 3838 pertinent
769 3777 858 3835 funere
869 3776 998 3835 nefnnero.
1035 3777 1124 3824 Catuli.
1134 3777 1211 3839 Nupt.

110 3843 168 3895 Pet.
180 3859 203 3891 r.
214 3847 255 3893 83.
267 3850 291 3891 et
303 3843 399 3891 similis.

427 3956 442 3985 ⁴
455 3961 494 4005 12.
514 3958 548 4005 Ut
558 3969 692 4010 ne-neeer
710 3959 737 4003 ot
748 3944 902 4003 nene—neue.

146 4026 200 4085 C'ie.
211 4039 240 4085 de
257 4036 338 4086 Amic.
352 4053 374 4087 c·
386 4041 427 4086 21.
445 4036 560 4086 Omnium
568 4039 651 4084 horum
663 4034 775 4084 vitiorum
786 4049 833 4082 ona
843 4033 924 4082 cautio
934 4039 980 4091 est,
990 4041 1018 4081 ut
1028 4047 1058 4081 ne
1074 4032 1147 4082 nimis
1161 4035 1209 4085 cito

110 4099 212 4164 diligere
226 4101 379 4166 incipiemus,
398 4117 460 4149 neve
478 4096 601 4165 indignos:
631 4101 671 4150 Id.
682 4101 700 4148 l.
711 4105 735 4150 8.
752 4102 782 4150 de
801 4101 872 4149 Oret.
893 4115 915 4149 o.
934 4103 974 4148 48.
991 4099 1163 4148 Collocstionis
1174 4109 1211 4149 est

109 4180 256 4229 componere
267 4167 341 4215 verbs
356 4167 401 4221 sic,
416 4174 442 4213 ut
453 4182 514 4215 neve
525 4182 595 4230 asper
610 4182 692 4214 eorum
703 4180 844 4222 concursus,
857 4179 918 4212 neve
930 4163 1022 4213 hiulcus
1034 4164 1073 4211 sit.
1107 4165 1146 4213 [d.
1157 4166 1174 4210 l.
1186 4168 1210 4213 1.

112 4230 185 4279 Fam.
195 4245 232 4295 ep.
244 4235 268 4289 9.
294 4231 356 4280 Peto
366 4249 381 4280 a
392 4239 423 4287 te,
439 4241 466 4278 ut
476 4230 500 4278 id
516 4247 578 4281 neve
595 4233 620 4280 in
638 4233 683 4281 hoc
697 4246 750 4289 reo,
767 4245 831 4280 nere
848 4230 877 4279 iu
894 4229 951 4281 eliis
968 4230 1089 4297 requires.
1118 4229 1229 4278 idm.

106 4297 142 4343 de
155 4295 207 4356 Offi
216 4311 237 4351 c.
249 4299 288 4344 ³9.
305 4297 356 4344 16.
367 4295 423 4345 An.
434 4311 471 4360 ep.
483 4299 526 4345 ult.
868 4328 870 4333 »
