<?xml version="1.0" encoding="UTF-8"?>
<!DOCTYPE html PUBLIC "-//W3C//DTD XHTML 1.0 Transitional//EN"
    "http://www.w3.org/TR/xhtml1/DTD/xhtml1-transitional.dtd">
<html xmlns="http://www.w3.org/1999/xhtml" xml:lang="en" lang="en">
 <head>
  <title>
</title>
<meta http-equiv="Content-Type" content="text/html;charset=utf-8" />
  <meta name='ocr-system' content='tesseract 3.04.00' />
  <meta name='ocr-capabilities' content='ocr_page ocr_carea ocr_par ocr_line ocrx_word'/>
</head>
<body>
  <div class='ocr_page' id='page_1' title='image "./horatiiturselli00schwgoog/horatiiturselli00schwgoog_0442.png"; bbox 0 0 2670 4636; ppageno 0'>
   <div class='ocr_carea' id='block_1_1' title="bbox 117 273 1223 383">
    <p class='ocr_par' dir='ltr' id='par_1_1' title="bbox 117 273 1223 383">
     <span class='ocr_line' id='line_1_1' title="bbox 117 273 1223 383; baseline 0.005 -22"><span class='ocrx_word' id='word_1_1' title='bbox 117 305 199 383; x_wconf 76' lang='grc'><strong>000]</strong></span> <span class='ocrx_word' id='word_1_2' title='bbox 474 302 553 364; x_wconf 74' lang='grc'>88</span> <span class='ocrx_word' id='word_1_3' title='bbox 583 303 824 367; x_wconf 72' lang='lat' dir='ltr'>enarrantis</span> <span class='ocrx_word' id='word_1_4' title='bbox 845 312 904 370; x_wconf 69' lang='lat' dir='ltr'>aar</span> <span class='ocrx_word' id='word_1_5' title='bbox 1097 273 1102 291; x_wconf 67' lang='lat'>²</span> <span class='ocrx_word' id='word_1_6' title='bbox 1161 309 1223 367; x_wconf 76' lang='lat' dir='ltr'>aar</span> 
     </span>
    </p>
   </div>
   <div class='ocr_carea' id='block_1_2' title="bbox 566 450 775 502">
    <p class='ocr_par' dir='ltr' id='par_1_2' title="bbox 566 450 775 502">
     <span class='ocr_line' id='line_1_2' title="bbox 566 450 775 502; baseline 0.005 -3"><span class='ocrx_word' id='word_1_7' title='bbox 566 450 581 481; x_wconf 61' lang='lat'><strong><em>³</em></strong></span> <span class='ocrx_word' id='word_1_8' title='bbox 593 455 617 499; x_wconf 90' lang='grc'>5.</span> <span class='ocrx_word' id='word_1_9' title='bbox 640 451 684 502; x_wconf 87' lang='lat' dir='ltr'>Vel</span> <span class='ocrx_word' id='word_1_10' title='bbox 694 451 775 502; x_wconf 81' lang='grc'><strong>8118000.</strong></span> 
     </span>
    </p>
   </div>
   <div class='ocr_carea' id='block_1_3' title="bbox 114 529 1219 663">
    <p class='ocr_par' dir='ltr' id='par_1_3' title="bbox 114 529 1219 663">
     <span class='ocr_line' id='line_1_3' title="bbox 148 529 1219 598; baseline 0.004 -20"><span class='ocrx_word' id='word_1_11' title='bbox 148 529 250 580; x_wconf 73' lang='lat' dir='ltr'>Saetosi.</span> <span class='ocrx_word' id='word_1_12' title='bbox 260 529 365 593; x_wconf 74' lang='lat' dir='ltr'>August.</span> <span class='ocrx_word' id='word_1_13' title='bbox 381 547 403 580; x_wconf 88' lang='lat' dir='ltr'>o.</span> <span class='ocrx_word' id='word_1_14' title='bbox 414 535 455 581; x_wconf 85' lang='grc'>88.</span> <span class='ocrx_word' id='word_1_15' title='bbox 472 530 529 595; x_wconf 92' lang='lat' dir='ltr'>Ipse</span> <span class='ocrx_word' id='word_1_16' title='bbox 537 530 579 594; x_wconf 87' lang='lat' dir='ltr'>jas</span> <span class='ocrx_word' id='word_1_17' title='bbox 590 531 653 579; x_wconf 86' lang='lat' dir='ltr'>dixit</span> <span class='ocrx_word' id='word_1_18' title='bbox 663 533 773 581; x_wconf 82' lang='lat' dir='ltr'>assidue:</span> <span class='ocrx_word' id='word_1_19' title='bbox 791 533 905 598; x_wconf 88' lang='lat' dir='ltr'>siparum</span> <span class='ocrx_word' id='word_1_20' title='bbox 915 546 1013 598; x_wconf 88' lang='lat' dir='ltr'>corpore</span> <span class='ocrx_word' id='word_1_21' title='bbox 1024 535 1121 590; x_wconf 82' lang='lat' dir='ltr'>valeret,</span> <span class='ocrx_word' id='word_1_22' title='bbox 1129 532 1219 582; x_wconf 75' lang='lat' dir='ltr'>lectica</span> 
     </span>
     <span class='ocr_line' id='line_1_4' title="bbox 114 595 1200 663; baseline 0.006 -24"><span class='ocrx_word' id='word_1_23' title='bbox 114 607 160 656; x_wconf 90' lang='lat' dir='ltr'>pro</span> <span class='ocrx_word' id='word_1_24' title='bbox 167 595 281 645; x_wconf 86' lang='lat' dir='ltr'>tribunali</span> <span class='ocrx_word' id='word_1_25' title='bbox 288 597 412 654; x_wconf 89' lang='lat' dir='ltr'>collocata,</span> <span class='ocrx_word' id='word_1_26' title='bbox 425 597 619 646; x_wconf 81' lang='grc' dir='ltr'><strong>0818118808οωὶ</strong></span> <span class='ocrx_word' id='word_1_27' title='bbox 630 598 729 646; x_wconf 88' lang='lat' dir='ltr'>cubans.</span> <span class='ocrx_word' id='word_1_28' title='bbox 762 599 841 647; x_wconf 85' lang='lat' dir='ltr'>Etiam</span> <span class='ocrx_word' id='word_1_29' title='bbox 855 601 938 660; x_wconf 79' lang='lat' dir='ltr'>Cicero</span> <span class='ocrx_word' id='word_1_30' title='bbox 949 614 1012 663; x_wconf 88' lang='lat' dir='ltr'>saepe</span> <span class='ocrx_word' id='word_1_31' title='bbox 1023 599 1057 648; x_wconf 88' lang='lat' dir='ltr'>ita</span> <span class='ocrx_word' id='word_1_32' title='bbox 1067 599 1200 663; x_wconf 83' lang='lat' dir='ltr'>conjungit.</span> 
     </span>
    </p>
   </div>
   <div class='ocr_carea' id='block_1_4' title="bbox 389 710 936 774">
    <p class='ocr_par' dir='ltr' id='par_1_4' title="bbox 389 710 936 774">
     <span class='ocr_line' id='line_1_5' title="bbox 389 710 936 774; baseline 0.004 -15"><span class='ocrx_word' id='word_1_33' title='bbox 389 715 413 759; x_wconf 87' lang='grc'>0.</span> <span class='ocrx_word' id='word_1_34' title='bbox 435 710 547 760; x_wconf 66' lang='lat' dir='ltr'>Ver-ea</span> <span class='ocrx_word' id='word_1_35' title='bbox 555 726 600 774; x_wconf 89' lang='lat' dir='ltr'>pro</span> <span class='ocrx_word' id='word_1_36' title='bbox 610 716 762 769; x_wconf 78' lang='lat' dir='ltr'>tam-tam,-</span> <span class='ocrx_word' id='word_1_37' title='bbox 778 729 806 762; x_wconf 83' lang='lat' dir='ltr'>aa</span> <span class='ocrx_word' id='word_1_38' title='bbox 816 714 936 763; x_wconf 78' lang='lat' dir='ltr'>well-aa</span> 
     </span>
    </p>
   </div>
   <div class='ocr_carea' id='block_1_5' title="bbox 111 786 1218 987">
    <p class='ocr_par' dir='ltr' id='par_1_5' title="bbox 111 786 1218 987">
     <span class='ocr_line' id='line_1_6' title="bbox 151 786 1217 855; baseline 0.004 -17"><span class='ocrx_word' id='word_1_39' title='bbox 151 786 196 839; x_wconf 84' lang='lat' dir='ltr'>Vel</span> <span class='ocrx_word' id='word_1_40' title='bbox 209 789 319 839; x_wconf 81' lang='lat' dir='ltr'>iteratum</span> <span class='ocrx_word' id='word_1_41' title='bbox 331 807 374 855; x_wconf 88' lang='lat' dir='ltr'>pro</span> <span class='ocrx_word' id='word_1_42' title='bbox 385 797 528 842; x_wconf 84' lang='lat' dir='ltr'>tam—tum.</span> <span class='ocrx_word' id='word_1_43' title='bbox 563 793 614 841; x_wconf 85' lang='lat' dir='ltr'>Cia.</span> <span class='ocrx_word' id='word_1_44' title='bbox 625 795 642 840; x_wconf 92' lang='lat'>1.</span> <span class='ocrx_word' id='word_1_45' title='bbox 653 796 678 842; x_wconf 90' lang='lat'>1.</span> <span class='ocrx_word' id='word_1_46' title='bbox 689 795 718 843; x_wconf 85' lang='lat' dir='ltr'>de</span> <span class='ocrx_word' id='word_1_47' title='bbox 731 795 801 844; x_wconf 84' lang='lat' dir='ltr'><strong><em>Orat.</em></strong></span> <span class='ocrx_word' id='word_1_48' title='bbox 814 810 836 842; x_wconf 88' lang='lat' dir='ltr'>c.</span> <span class='ocrx_word' id='word_1_49' title='bbox 847 797 888 842; x_wconf 89' lang='grc'>58.</span> <span class='ocrx_word' id='word_1_50' title='bbox 912 794 957 842; x_wconf 88' lang='lat' dir='ltr'>Cui</span> <span class='ocrx_word' id='word_1_51' title='bbox 976 801 1084 843; x_wconf 87' lang='grc'><strong>88810808</strong></span> <span class='ocrx_word' id='word_1_52' title='bbox 1094 808 1144 842; x_wconf 88' lang='grc'>888</span> <span class='ocrx_word' id='word_1_53' title='bbox 1158 793 1217 843; x_wconf 85' lang='grc'><strong>11881</strong></span> 
     </span>
     <span class='ocr_line' id='line_1_7' title="bbox 111 852 1218 918; baseline 0.007 -18"><span class='ocrx_word' id='word_1_54' title='bbox 111 852 203 902; x_wconf 77' lang='lat' dir='ltr'>fundos</span> <span class='ocrx_word' id='word_1_55' title='bbox 220 863 313 904; x_wconf 87' lang='lat' dir='ltr'>nostros</span> <span class='ocrx_word' id='word_1_56' title='bbox 324 857 400 912; x_wconf 87' lang='lat' dir='ltr'>obire,</span> <span class='ocrx_word' id='word_1_57' title='bbox 415 864 456 904; x_wconf 88' lang='lat' dir='ltr'>aut</span> <span class='ocrx_word' id='word_1_58' title='bbox 467 873 503 905; x_wconf 86' lang='lat' dir='ltr'>rer</span> <span class='ocrx_word' id='word_1_59' title='bbox 513 857 624 915; x_wconf 88' lang='lat' dir='ltr'>rusticas,</span> <span class='ocrx_word' id='word_1_60' title='bbox 635 859 673 905; x_wconf 89' lang='lat' dir='ltr'>vel</span> <span class='ocrx_word' id='word_1_61' title='bbox 684 859 775 907; x_wconf 80' lang='lat' dir='ltr'>fructus</span> <span class='ocrx_word' id='word_1_62' title='bbox 786 874 857 908; x_wconf 89' lang='lat' dir='ltr'>causa</span> <span class='ocrx_word' id='word_1_63' title='bbox 867 860 906 907; x_wconf 89' lang='lat' dir='ltr'>vel</span> <span class='ocrx_word' id='word_1_64' title='bbox 920 858 1094 918; x_wconf 82' lang='lat' dir='ltr'>delectationis,</span> <span class='ocrx_word' id='word_1_65' title='bbox 1104 858 1218 908; x_wconf 82' lang='lat' dir='ltr'>invisere.</span> 
     </span>
     <span class='ocr_line' id='line_1_8' title="bbox 115 919 1217 987; baseline 0.005 -21"><span class='ocrx_word' id='word_1_66' title='bbox 115 919 324 970; x_wconf 72' lang='grc'><strong>0818000888.</strong></span> <span class='ocrx_word' id='word_1_67' title='bbox 341 922 367 970; x_wconf 90' lang='grc'>18</span> <span class='ocrx_word' id='word_1_68' title='bbox 378 923 489 970; x_wconf 91' lang='lat' dir='ltr'>omnibus</span> <span class='ocrx_word' id='word_1_69' title='bbox 506 923 617 985; x_wconf 87' lang='lat' dir='ltr'>exemplo</span> <span class='ocrx_word' id='word_1_70' title='bbox 638 923 711 970; x_wconf 89' lang='lat' dir='ltr'>debet</span> <span class='ocrx_word' id='word_1_71' title='bbox 728 939 788 987; x_wconf 89' lang='lat' dir='ltr'>esse,</span> <span class='ocrx_word' id='word_1_72' title='bbox 809 930 923 986; x_wconf 90' lang='lat' dir='ltr'>quantum</span> <span class='ocrx_word' id='word_1_73' title='bbox 941 921 965 970; x_wconf 86' lang='lat' dir='ltr'>in</span> <span class='ocrx_word' id='word_1_74' title='bbox 984 925 1028 972; x_wconf 89' lang='lat' dir='ltr'>hac</span> <span class='ocrx_word' id='word_1_75' title='bbox 1044 923 1101 972; x_wconf 91' lang='lat' dir='ltr'>urbe</span> <span class='ocrx_word' id='word_1_76' title='bbox 1117 924 1217 986; x_wconf 83' lang='lat' dir='ltr'>polleat,</span> 
     </span>
    </p>
   </div>
   <div class='ocr_carea' id='block_1_6' title="bbox 112 984 1224 1102">
    <p class='ocr_par' dir='ltr' id='par_1_6' title="bbox 112 984 1224 1102">
     <span class='ocr_line' id='line_1_9' title="bbox 113 984 1224 1053; baseline 0.006 -24"><span class='ocrx_word' id='word_1_77' title='bbox 113 984 246 1033; x_wconf 88' lang='lat' dir='ltr'>multorum</span> <span class='ocrx_word' id='word_1_78' title='bbox 258 986 353 1034; x_wconf 88' lang='lat' dir='ltr'>obedire</span> <span class='ocrx_word' id='word_1_79' title='bbox 363 987 474 1052; x_wconf 78' lang='lat' dir='ltr'><strong>tempori,</strong></span> <span class='ocrx_word' id='word_1_80' title='bbox 486 987 659 1050; x_wconf 85' lang='lat' dir='ltr'>multorumque</span> <span class='ocrx_word' id='word_1_81' title='bbox 672 989 710 1036; x_wconf 88' lang='grc'>081</span> <span class='ocrx_word' id='word_1_82' title='bbox 721 987 851 1037; x_wconf 87' lang='grc'><strong>1088801081</strong></span> <span class='ocrx_word' id='word_1_83' title='bbox 860 988 965 1053; x_wconf 86' lang='lat' dir='ltr'>periculo</span> <span class='ocrx_word' id='word_1_84' title='bbox 974 988 1099 1037; x_wconf 81' lang='lat' dir='ltr'>inservire.</span> <span class='ocrx_word' id='word_1_85' title='bbox 1127 988 1143 1018; x_wconf 60' lang='lat'><strong><em>³</em></strong></span> <span class='ocrx_word' id='word_1_86' title='bbox 1152 987 1224 1037; x_wconf 70' lang='grc'><strong>011111.</strong></span> 
     </span>
     <span class='ocr_line' id='line_1_10' title="bbox 112 1048 681 1102; baseline 0.009 -6"><span class='ocrx_word' id='word_1_87' title='bbox 112 1048 156 1096; x_wconf 77' lang='lat' dir='ltr'>ld.</span> <span class='ocrx_word' id='word_1_88' title='bbox 167 1050 185 1096; x_wconf 89' lang='lat'>1.</span> <span class='ocrx_word' id='word_1_89' title='bbox 196 1053 220 1098; x_wconf 90' lang='grc'>8.</span> <span class='ocrx_word' id='word_1_90' title='bbox 229 1053 259 1100; x_wconf 87' lang='lat' dir='ltr'>de</span> <span class='ocrx_word' id='word_1_91' title='bbox 270 1051 332 1101; x_wconf 83' lang='lat' dir='ltr'>Nat.</span> <span class='ocrx_word' id='word_1_92' title='bbox 346 1052 382 1102; x_wconf 87' lang='lat' dir='ltr'>D.</span> <span class='ocrx_word' id='word_1_93' title='bbox 394 1068 416 1100; x_wconf 86' lang='lat' dir='ltr'>a.</span> <span class='ocrx_word' id='word_1_94' title='bbox 429 1056 469 1101; x_wconf 95' lang='grc'>10.</span> <span class='ocrx_word' id='word_1_95' title='bbox 480 1051 535 1100; x_wconf 77' lang='lat' dir='ltr'>tta</span> <span class='ocrx_word' id='word_1_96' title='bbox 544 1053 562 1100; x_wconf 95' lang='grc'>1.</span> <span class='ocrx_word' id='word_1_97' title='bbox 574 1056 597 1100; x_wconf 89' lang='lat'>1.</span> <span class='ocrx_word' id='word_1_98' title='bbox 608 1068 630 1101; x_wconf 88' lang='lat' dir='ltr'>c.</span> <span class='ocrx_word' id='word_1_99' title='bbox 639 1055 681 1102; x_wconf 82' lang='lat'>42.</span> 
     </span>
    </p>
   </div>
   <div class='ocr_carea' id='block_1_7' title="bbox 436 1164 897 1229">
    <p class='ocr_par' dir='ltr' id='par_1_7' title="bbox 436 1164 897 1229">
     <span class='ocr_line' id='line_1_11' title="bbox 436 1164 897 1229; baseline 0 -15"><span class='ocrx_word' id='word_1_100' title='bbox 436 1164 452 1194; x_wconf 72' lang='lat'>’</span> <span class='ocrx_word' id='word_1_101' title='bbox 463 1169 487 1215; x_wconf 86' lang='grc'>7.</span> <span class='ocrx_word' id='word_1_102' title='bbox 507 1165 687 1215; x_wconf 79' lang='lat' dir='ltr'>Vel-oel-oel</span> <span class='ocrx_word' id='word_1_103' title='bbox 697 1181 740 1229; x_wconf 90' lang='lat' dir='ltr'>pro</span> <span class='ocrx_word' id='word_1_104' title='bbox 752 1172 897 1217; x_wconf 71' lang='lat' dir='ltr'>et-et-at.</span> 
     </span>
    </p>
   </div>
   <div class='ocr_carea' id='block_1_8' title="bbox 112 1244 1218 1570">
    <p class='ocr_par' dir='ltr' id='par_1_8' title="bbox 112 1244 1218 1570">
     <span class='ocr_line' id='line_1_12' title="bbox 150 1244 1217 1312; baseline 0.007 -21"><span class='ocrx_word' id='word_1_105' title='bbox 150 1244 282 1295; x_wconf 74' lang='grc'><strong>018108.</strong></span> <span class='ocrx_word' id='word_1_106' title='bbox 294 1247 363 1296; x_wconf 86' lang='lat' dir='ltr'>Fam.</span> <span class='ocrx_word' id='word_1_107' title='bbox 375 1251 447 1309; x_wconf 72' lang='grc'><strong>8184.</strong></span> <span class='ocrx_word' id='word_1_108' title='bbox 473 1245 504 1294; x_wconf 88' lang='grc'>18</span> <span class='ocrx_word' id='word_1_109' title='bbox 525 1247 602 1295; x_wconf 89' lang='lat' dir='ltr'>officio</span> <span class='ocrx_word' id='word_1_110' title='bbox 623 1247 707 1295; x_wconf 91' lang='lat' dir='ltr'>tuendi</span> <span class='ocrx_word' id='word_1_111' title='bbox 723 1247 800 1296; x_wconf 86' lang='lat' dir='ltr'>habeo</span> <span class='ocrx_word' id='word_1_112' title='bbox 821 1263 903 1296; x_wconf 79' lang='lat' dir='ltr'>causas</span> <span class='ocrx_word' id='word_1_113' title='bbox 924 1247 1035 1311; x_wconf 85' lang='lat' dir='ltr'>plurimas</span> <span class='ocrx_word' id='word_1_114' title='bbox 1055 1248 1095 1296; x_wconf 88' lang='grc'>081</span> <span class='ocrx_word' id='word_1_115' title='bbox 1112 1257 1217 1312; x_wconf 79' lang='lat' dir='ltr'>paterna</span> 
     </span>
     <span class='ocr_line' id='line_1_13' title="bbox 112 1309 1217 1377; baseline 0.009 -22"><span class='ocrx_word' id='word_1_116' title='bbox 112 1309 306 1368; x_wconf 79' lang='lat' dir='ltr'>necessitudinis,</span> <span class='ocrx_word' id='word_1_117' title='bbox 318 1313 357 1359; x_wconf 82' lang='lat' dir='ltr'>vel</span> <span class='ocrx_word' id='word_1_118' title='bbox 367 1328 427 1359; x_wconf 81' lang='lat' dir='ltr'>meae</span> <span class='ocrx_word' id='word_1_119' title='bbox 436 1327 451 1359; x_wconf 88' lang='grc'>8</span> <span class='ocrx_word' id='word_1_120' title='bbox 459 1312 562 1373; x_wconf 88' lang='lat' dir='ltr'>pueritia</span> <span class='ocrx_word' id='word_1_121' title='bbox 570 1312 736 1369; x_wconf 77' lang='lat' dir='ltr'>observantia,</span> <span class='ocrx_word' id='word_1_122' title='bbox 745 1313 783 1360; x_wconf 90' lang='grc'>081</span> <span class='ocrx_word' id='word_1_123' title='bbox 795 1313 830 1359; x_wconf 87' lang='lat' dir='ltr'>tui</span> <span class='ocrx_word' id='word_1_124' title='bbox 840 1329 895 1377; x_wconf 78' lang='lat' dir='ltr'>erga</span> <span class='ocrx_word' id='word_1_125' title='bbox 905 1327 944 1360; x_wconf 90' lang='lat' dir='ltr'>me</span> <span class='ocrx_word' id='word_1_126' title='bbox 951 1313 1028 1361; x_wconf 89' lang='lat' dir='ltr'>mutui</span> <span class='ocrx_word' id='word_1_127' title='bbox 1039 1315 1133 1362; x_wconf 77' lang='lat' dir='ltr'>amanis.</span> <span class='ocrx_word' id='word_1_128' title='bbox 1166 1317 1217 1376; x_wconf 75' lang='lat' dir='ltr'>Pro</span> 
     </span>
     <span class='ocr_line' id='line_1_14' title="bbox 115 1368 1217 1443; baseline 0.006 -21"><span class='ocrx_word' id='word_1_129' title='bbox 115 1373 203 1423; x_wconf 82' lang='lat' dir='ltr'>Plana.</span> <span class='ocrx_word' id='word_1_130' title='bbox 215 1376 232 1422; x_wconf 91' lang='lat'>1.</span> <span class='ocrx_word' id='word_1_131' title='bbox 244 1380 284 1424; x_wconf 89' lang='grc'>10.</span> <span class='ocrx_word' id='word_1_132' title='bbox 294 1393 328 1440; x_wconf 88' lang='lat' dir='ltr'>ep.</span> <span class='ocrx_word' id='word_1_133' title='bbox 340 1381 380 1424; x_wconf 87' lang='grc'>24.</span> <span class='ocrx_word' id='word_1_134' title='bbox 396 1376 504 1424; x_wconf 85' lang='lat' dir='ltr'>Societas</span> <span class='ocrx_word' id='word_1_135' title='bbox 514 1386 550 1423; x_wconf 87' lang='lat' dir='ltr'>est</span> <span class='ocrx_word' id='word_1_136' title='bbox 559 1377 619 1424; x_wconf 83' lang='lat' dir='ltr'>mibi</span> <span class='ocrx_word' id='word_1_137' title='bbox 630 1387 716 1434; x_wconf 90' lang='lat' dir='ltr'>tecum,</span> <span class='ocrx_word' id='word_1_138' title='bbox 727 1378 767 1424; x_wconf 88' lang='grc'>081</span> <span class='ocrx_word' id='word_1_139' title='bbox 773 1379 836 1440; x_wconf 90' lang='lat' dir='ltr'>quod</span> <span class='ocrx_word' id='word_1_140' title='bbox 846 1378 871 1424; x_wconf 91' lang='lat' dir='ltr'>in</span> <span class='ocrx_word' id='word_1_141' title='bbox 882 1368 1044 1426; x_wconf 81' lang='lat' dir='ltr'>familiaritate</span> <span class='ocrx_word' id='word_1_142' title='bbox 1056 1378 1157 1427; x_wconf 86' lang='lat' dir='ltr'>Caesaris</span> <span class='ocrx_word' id='word_1_143' title='bbox 1164 1379 1217 1443; x_wconf 83' lang='lat' dir='ltr'>jam</span> 
     </span>
     <span class='ocr_line' id='line_1_15' title="bbox 113 1439 1218 1508; baseline 0.009 -23"><span class='ocrx_word' id='word_1_144' title='bbox 113 1439 185 1495; x_wconf 85' lang='lat' dir='ltr'>tueri,</span> <span class='ocrx_word' id='word_1_145' title='bbox 203 1455 258 1487; x_wconf 91' lang='lat' dir='ltr'>cum</span> <span class='ocrx_word' id='word_1_146' title='bbox 270 1441 326 1488; x_wconf 88' lang='lat' dir='ltr'>mihi</span> <span class='ocrx_word' id='word_1_147' title='bbox 337 1441 383 1488; x_wconf 86' lang='lat' dir='ltr'>luit</span> <span class='ocrx_word' id='word_1_148' title='bbox 399 1456 507 1497; x_wconf 88' lang='lat' dir='ltr'>necesse,</span> <span class='ocrx_word' id='word_1_149' title='bbox 524 1442 564 1488; x_wconf 88' lang='grc'>081</span> <span class='ocrx_word' id='word_1_150' title='bbox 580 1441 645 1503; x_wconf 89' lang='lat' dir='ltr'>quod</span> <span class='ocrx_word' id='word_1_151' title='bbox 661 1443 714 1506; x_wconf 85' lang='lat' dir='ltr'>ipse</span> <span class='ocrx_word' id='word_1_152' title='bbox 725 1441 909 1490; x_wconf 83' lang='lat' dir='ltr'>moderatissimi</span> <span class='ocrx_word' id='word_1_153' title='bbox 926 1443 972 1490; x_wconf 87' lang='lat' dir='ltr'>luit</span> <span class='ocrx_word' id='word_1_154' title='bbox 986 1457 1077 1500; x_wconf 88' lang='lat' dir='ltr'>sensas,</span> <span class='ocrx_word' id='word_1_155' title='bbox 1094 1444 1134 1492; x_wconf 86' lang='lat' dir='ltr'>vel</span> <span class='ocrx_word' id='word_1_156' title='bbox 1153 1446 1218 1508; x_wconf 86' lang='lat' dir='ltr'>qnod</span> 
     </span>
     <span class='ocr_line' id='line_1_16' title="bbox 113 1504 828 1570; baseline 0.006 -20"><span class='ocrx_word' id='word_1_157' title='bbox 113 1504 178 1552; x_wconf 88' lang='lat' dir='ltr'>hunc</span> <span class='ocrx_word' id='word_1_158' title='bbox 190 1505 234 1552; x_wconf 90' lang='lat' dir='ltr'>lilii</span> <span class='ocrx_word' id='word_1_159' title='bbox 244 1506 297 1554; x_wconf 90' lang='lat' dir='ltr'>loco</span> <span class='ocrx_word' id='word_1_160' title='bbox 308 1507 396 1554; x_wconf 89' lang='lat' dir='ltr'>habere</span> <span class='ocrx_word' id='word_1_161' title='bbox 408 1521 456 1554; x_wconf 91' lang='lat' dir='ltr'>non</span> <span class='ocrx_word' id='word_1_162' title='bbox 467 1506 567 1570; x_wconf 84' lang='lat' dir='ltr'>perinde</span> <span class='ocrx_word' id='word_1_163' title='bbox 576 1507 636 1554; x_wconf 89' lang='lat' dir='ltr'>mihi</span> <span class='ocrx_word' id='word_1_164' title='bbox 646 1513 716 1570; x_wconf 85' lang='lat' dir='ltr'>turpe</span> <span class='ocrx_word' id='word_1_165' title='bbox 726 1506 828 1557; x_wconf 87' lang='lat' dir='ltr'>ridetur.</span> 
     </span>
    </p>
   </div>
   <div class='ocr_carea' id='block_1_9' title="bbox 498 1619 848 1683">
    <p class='ocr_par' dir='ltr' id='par_1_9' title="bbox 498 1619 848 1683">
     <span class='ocr_line' id='line_1_17' title="bbox 498 1619 848 1683; baseline 0 -15"><span class='ocrx_word' id='word_1_166' title='bbox 498 1623 524 1668; x_wconf 89' lang='grc'>8.</span> <span class='ocrx_word' id='word_1_167' title='bbox 546 1619 658 1669; x_wconf 85' lang='lat' dir='ltr'>Vel-ael</span> <span class='ocrx_word' id='word_1_168' title='bbox 673 1619 848 1683; x_wconf 80' lang='lat' dir='ltr'>disjunctive.¹⁷</span> 
     </span>
    </p>
   </div>
   <div class='ocr_carea' id='block_1_10' title="bbox 114 1698 1218 1829">
    <p class='ocr_par' dir='ltr' id='par_1_10' title="bbox 114 1698 1218 1829">
     <span class='ocr_line' id='line_1_18' title="bbox 148 1698 1218 1764; baseline 0.006 -19"><span class='ocrx_word' id='word_1_169' title='bbox 148 1698 273 1747; x_wconf 83' lang='lat' dir='ltr'>Interdum</span> <span class='ocrx_word' id='word_1_170' title='bbox 284 1709 363 1748; x_wconf 84' lang='lat' dir='ltr'>tamen</span> <span class='ocrx_word' id='word_1_171' title='bbox 374 1699 518 1764; x_wconf 86' lang='lat' dir='ltr'>disjunctive</span> <span class='ocrx_word' id='word_1_172' title='bbox 529 1707 664 1763; x_wconf 88' lang='lat' dir='ltr'>usurpatur.</span> <span class='ocrx_word' id='word_1_173' title='bbox 700 1701 752 1750; x_wconf 82' lang='lat' dir='ltr'>Cic·</span> <span class='ocrx_word' id='word_1_174' title='bbox 762 1702 779 1749; x_wconf 94' lang='grc'>1.</span> <span class='ocrx_word' id='word_1_175' title='bbox 796 1706 821 1750; x_wconf 94' lang='grc'>2.</span> <span class='ocrx_word' id='word_1_176' title='bbox 833 1701 918 1758; x_wconf 80' lang='lat' dir='ltr'>Quint.</span> <span class='ocrx_word' id='word_1_177' title='bbox 930 1701 975 1751; x_wconf 82' lang='lat' dir='ltr'>Fr.</span> <span class='ocrx_word' id='word_1_178' title='bbox 986 1716 1022 1764; x_wconf 83' lang='lat' dir='ltr'>ep.</span> <span class='ocrx_word' id='word_1_179' title='bbox 1034 1705 1074 1750; x_wconf 92' lang='grc'>14.</span> <span class='ocrx_word' id='word_1_180' title='bbox 1100 1700 1163 1750; x_wconf 85' lang='lat' dir='ltr'>Sunt</span> <span class='ocrx_word' id='word_1_181' title='bbox 1171 1701 1218 1751; x_wconf 81' lang='lat' dir='ltr'>ista</span> 
     </span>
     <span class='ocr_line' id='line_1_19' title="bbox 114 1754 657 1829; baseline 0.002 -18"><span class='ocrx_word' id='word_1_182' title='bbox 114 1764 217 1826; x_wconf 87' lang='lat' dir='ltr'>quidem</span> <span class='ocrx_word' id='word_1_183' title='bbox 226 1766 266 1813; x_wconf 90' lang='grc'>081</span> <span class='ocrx_word' id='word_1_184' title='bbox 277 1780 372 1829; x_wconf 86' lang='lat' dir='ltr'>magna,</span> <span class='ocrx_word' id='word_1_185' title='bbox 384 1766 420 1814; x_wconf 87' lang='grc'>081</span> <span class='ocrx_word' id='word_1_186' title='bbox 434 1765 512 1829; x_wconf 88' lang='lat' dir='ltr'>potius</span> <span class='ocrx_word' id='word_1_187' title='bbox 524 1754 657 1813; x_wconf 59' lang='lat' dir='ltr'>maxima..</span> 
     </span>
    </p>
   </div>
   <div class='ocr_carea' id='block_1_11' title="bbox 435 1861 902 1918">
    <p class='ocr_par' dir='ltr' id='par_1_11' title="bbox 435 1861 902 1918">
     <span class='ocr_line' id='line_1_20' title="bbox 435 1861 902 1918; baseline 0 -8"><span class='ocrx_word' id='word_1_188' title='bbox 435 1861 486 1910; x_wconf 70' lang='lat'>⁸9.</span> <span class='ocrx_word' id='word_1_189' title='bbox 508 1863 697 1918; x_wconf 74' lang='lat' dir='ltr'>Ver-arceas,</span> <span class='ocrx_word' id='word_1_190' title='bbox 707 1861 902 1912; x_wconf 83' lang='lat' dir='ltr'>orl-‘aeletiam.</span> 
     </span>
    </p>
   </div>
   <div class='ocr_carea' id='block_1_12' title="bbox 111 1943 1221 2332">
    <p class='ocr_par' dir='ltr' id='par_1_12' title="bbox 111 1943 1221 2332">
     <span class='ocr_line' id='line_1_21' title="bbox 150 1943 1218 2008; baseline 0.002 -17"><span class='ocrx_word' id='word_1_191' title='bbox 150 1944 272 1993; x_wconf 80' lang='lat' dir='ltr'>Columell.</span> <span class='ocrx_word' id='word_1_192' title='bbox 283 1945 301 1990; x_wconf 90' lang='lat'>1.</span> <span class='ocrx_word' id='word_1_193' title='bbox 313 1946 336 1991; x_wconf 87' lang='grc'>8.</span> <span class='ocrx_word' id='word_1_194' title='bbox 347 1959 369 1991; x_wconf 85' lang='grc'>8.</span> <span class='ocrx_word' id='word_1_195' title='bbox 381 1946 421 1992; x_wconf 92' lang='grc'>10.</span> <span class='ocrx_word' id='word_1_196' title='bbox 438 1943 541 1992; x_wconf 85' lang='grc' dir='ltr'><strong>Ρ8801118</strong></span> <span class='ocrx_word' id='word_1_197' title='bbox 553 1952 609 1991; x_wconf 83' lang='lat' dir='ltr'>aetas</span> <span class='ocrx_word' id='word_1_198' title='bbox 619 1945 666 1992; x_wconf 85' lang='lat' dir='ltr'>rim</span> <span class='ocrx_word' id='word_1_199' title='bbox 684 1944 815 2006; x_wconf 85' lang='lat' dir='ltr'>generandi</span> <span class='ocrx_word' id='word_1_200' title='bbox 824 1945 862 1992; x_wconf 89' lang='lat' dir='ltr'>vel</span> <span class='ocrx_word' id='word_1_201' title='bbox 873 1943 899 1991; x_wconf 90' lang='lat' dir='ltr'>in</span> <span class='ocrx_word' id='word_1_202' title='bbox 912 1949 989 1992; x_wconf 89' lang='grc'><strong>1818000</strong></span> <span class='ocrx_word' id='word_1_203' title='bbox 1001 1943 1089 2008; x_wconf 86' lang='lat' dir='ltr'>perdit,</span> <span class='ocrx_word' id='word_1_204' title='bbox 1099 1944 1138 1992; x_wconf 85' lang='lat' dir='ltr'>rel</span> <span class='ocrx_word' id='word_1_205' title='bbox 1153 1951 1218 2003; x_wconf 79' lang='lat' dir='ltr'>certa</span> 
     </span>
     <span class='ocr_line' id='line_1_22' title="bbox 113 2008 1218 2072; baseline 0.003 -16"><span class='ocrx_word' id='word_1_206' title='bbox 113 2008 211 2056; x_wconf 89' lang='lat' dir='ltr'>minuit.</span> <span class='ocrx_word' id='word_1_207' title='bbox 244 2009 340 2057; x_wconf 73' lang='grc'><strong>11188.</strong></span> <span class='ocrx_word' id='word_1_208' title='bbox 353 2011 393 2055; x_wconf 91' lang='grc'>18.</span> <span class='ocrx_word' id='word_1_209' title='bbox 411 2009 450 2055; x_wconf 82' lang='lat' dir='ltr'>Ex</span> <span class='ocrx_word' id='word_1_210' title='bbox 460 2009 490 2055; x_wconf 89' lang='lat' dir='ltr'>iis</span> <span class='ocrx_word' id='word_1_211' title='bbox 500 2009 609 2072; x_wconf 81' lang='lat' dir='ltr'>pampini</span> <span class='ocrx_word' id='word_1_212' title='bbox 618 2010 741 2072; x_wconf 83' lang='lat' dir='ltr'>pullulant</span> <span class='ocrx_word' id='word_1_213' title='bbox 749 2009 788 2056; x_wconf 84' lang='lat' dir='ltr'>vel</span> <span class='ocrx_word' id='word_1_214' title='bbox 799 2009 892 2057; x_wconf 85' lang='lat' dir='ltr'>steriles</span> <span class='ocrx_word' id='word_1_215' title='bbox 902 2009 941 2056; x_wconf 90' lang='grc'>081</span> <span class='ocrx_word' id='word_1_216' title='bbox 952 2019 1017 2058; x_wconf 88' lang='lat' dir='ltr'>certe</span> <span class='ocrx_word' id='word_1_217' title='bbox 1028 2010 1108 2058; x_wconf 91' lang='lat' dir='ltr'>minus</span> <span class='ocrx_word' id='word_1_218' title='bbox 1118 2009 1218 2059; x_wconf 84' lang='lat' dir='ltr'>leraces.</span> 
     </span>
     <span class='ocr_line' id='line_1_23' title="bbox 115 2073 1219 2129; baseline 0.003 -9"><span class='ocrx_word' id='word_1_219' title='bbox 115 2074 180 2122; x_wconf 77' lang='lat' dir='ltr'>Celt.</span> <span class='ocrx_word' id='word_1_220' title='bbox 190 2074 206 2124; x_wconf 92' lang='grc'>1.</span> <span class='ocrx_word' id='word_1_221' title='bbox 218 2077 242 2121; x_wconf 90' lang='grc'>8.</span> <span class='ocrx_word' id='word_1_222' title='bbox 250 2089 271 2121; x_wconf 84' lang='grc'>8.</span> <span class='ocrx_word' id='word_1_223' title='bbox 280 2077 321 2120; x_wconf 95' lang='grc'>21.</span> <span class='ocrx_word' id='word_1_224' title='bbox 338 2073 354 2120; x_wconf 92' lang='lat' dir='ltr'><strong>J</strong></span> <span class='ocrx_word' id='word_1_225' title='bbox 356 2088 446 2120; x_wconf 88' lang='grc'><strong>808888</strong></span> <span class='ocrx_word' id='word_1_226' title='bbox 456 2074 549 2121; x_wconf 89' lang='lat' dir='ltr'>robusti</span> <span class='ocrx_word' id='word_1_227' title='bbox 558 2074 597 2121; x_wconf 85' lang='lat' dir='ltr'>vel</span> <span class='ocrx_word' id='word_1_228' title='bbox 613 2088 643 2121; x_wconf 89' lang='lat' dir='ltr'>ex</span> <span class='ocrx_word' id='word_1_229' title='bbox 654 2081 706 2121; x_wconf 91' lang='lat' dir='ltr'>toto</span> <span class='ocrx_word' id='word_1_230' title='bbox 719 2080 802 2121; x_wconf 86' lang='lat' dir='ltr'>carent</span> <span class='ocrx_word' id='word_1_231' title='bbox 815 2073 890 2129; x_wconf 87' lang='lat' dir='ltr'>febre,</span> <span class='ocrx_word' id='word_1_232' title='bbox 900 2073 941 2121; x_wconf 79' lang='grc'>001</span> <span class='ocrx_word' id='word_1_233' title='bbox 955 2081 1019 2122; x_wconf 85' lang='grc'><strong>88018</strong></span> <span class='ocrx_word' id='word_1_234' title='bbox 1034 2075 1092 2122; x_wconf 88' lang='grc'><strong>88118</strong></span> <span class='ocrx_word' id='word_1_235' title='bbox 1107 2074 1219 2126; x_wconf 85' lang='lat' dir='ltr'>liberales</span> 
     </span>
     <span class='ocr_line' id='line_1_24' title="bbox 111 2137 1220 2202; baseline 0.005 -18"><span class='ocrx_word' id='word_1_236' title='bbox 111 2137 301 2185; x_wconf 82' lang='lat' dir='ltr'>intermissiones</span> <span class='ocrx_word' id='word_1_237' title='bbox 319 2138 417 2186; x_wconf 84' lang='lat' dir='ltr'>habent.</span> <span class='ocrx_word' id='word_1_238' title='bbox 452 2138 504 2186; x_wconf 84' lang='lat' dir='ltr'>Cic.</span> <span class='ocrx_word' id='word_1_239' title='bbox 522 2138 539 2185; x_wconf 90' lang='grc'>1.</span> <span class='ocrx_word' id='word_1_240' title='bbox 550 2144 574 2187; x_wconf 85' lang='grc'>5.</span> <span class='ocrx_word' id='word_1_241' title='bbox 591 2139 661 2189; x_wconf 91' lang='lat' dir='ltr'>Fam.</span> <span class='ocrx_word' id='word_1_242' title='bbox 679 2155 715 2202; x_wconf 84' lang='lat' dir='ltr'>ep.</span> <span class='ocrx_word' id='word_1_243' title='bbox 727 2144 751 2188; x_wconf 91' lang='grc'><strong>8.</strong></span> <span class='ocrx_word' id='word_1_244' title='bbox 769 2139 847 2202; x_wconf 80' lang='lat' dir='ltr'>princ.</span> <span class='ocrx_word' id='word_1_245' title='bbox 874 2138 998 2194; x_wconf 86' lang='lat' dir='ltr'>Quantum</span> <span class='ocrx_word' id='word_1_246' title='bbox 1014 2154 1095 2188; x_wconf 90' lang='lat' dir='ltr'>meum</span> <span class='ocrx_word' id='word_1_247' title='bbox 1113 2138 1220 2189; x_wconf 84' lang='lat' dir='ltr'>studium</span> 
     </span>
     <span class='ocr_line' id='line_1_25' title="bbox 111 2202 1220 2267; baseline 0.004 -19"><span class='ocrx_word' id='word_1_248' title='bbox 111 2203 225 2250; x_wconf 85' lang='lat' dir='ltr'>extiterit</span> <span class='ocrx_word' id='word_1_249' title='bbox 234 2203 357 2265; x_wconf 86' lang='lat' dir='ltr'>dignitatis</span> <span class='ocrx_word' id='word_1_250' title='bbox 375 2209 423 2249; x_wconf 86' lang='lat' dir='ltr'>tuae</span> <span class='ocrx_word' id='word_1_251' title='bbox 443 2203 484 2250; x_wconf 84' lang='lat' dir='ltr'>vel</span> <span class='ocrx_word' id='word_1_252' title='bbox 501 2202 597 2250; x_wconf 89' lang='lat' dir='ltr'>tuendae</span> <span class='ocrx_word' id='word_1_253' title='bbox 607 2204 647 2250; x_wconf 90' lang='grc'>081</span> <span class='ocrx_word' id='word_1_254' title='bbox 661 2204 733 2252; x_wconf 89' lang='lat' dir='ltr'>etiam</span> <span class='ocrx_word' id='word_1_255' title='bbox 752 2202 877 2266; x_wconf 73' lang='lat' dir='ltr'>augenda,</span> <span class='ocrx_word' id='word_1_256' title='bbox 895 2217 944 2250; x_wconf 89' lang='lat' dir='ltr'>non</span> <span class='ocrx_word' id='word_1_257' title='bbox 961 2203 1052 2259; x_wconf 88' lang='lat' dir='ltr'>dubito,</span> <span class='ocrx_word' id='word_1_258' title='bbox 1071 2202 1130 2267; x_wconf 91' lang='lat' dir='ltr'>quin</span> <span class='ocrx_word' id='word_1_259' title='bbox 1148 2203 1180 2250; x_wconf 88' lang='lat' dir='ltr'>ad</span> <span class='ocrx_word' id='word_1_260' title='bbox 1195 2211 1220 2252; x_wconf 84' lang='lat' dir='ltr'>te</span> 
     </span>
     <span class='ocr_line' id='line_1_26' title="bbox 114 2267 1221 2332; baseline 0.005 -18"><span class='ocrx_word' id='word_1_261' title='bbox 114 2283 201 2314; x_wconf 89' lang='lat' dir='ltr'>omnes</span> <span class='ocrx_word' id='word_1_262' title='bbox 219 2268 255 2314; x_wconf 90' lang='lat' dir='ltr'>tui</span> <span class='ocrx_word' id='word_1_263' title='bbox 271 2267 459 2330; x_wconf 78' lang='lat' dir='ltr'>perscripserim.</span> <span class='ocrx_word' id='word_1_264' title='bbox 495 2269 617 2316; x_wconf 80' lang='lat' dir='ltr'>Columell.</span> <span class='ocrx_word' id='word_1_265' title='bbox 631 2269 649 2314; x_wconf 93' lang='lat'>1.</span> <span class='ocrx_word' id='word_1_266' title='bbox 660 2273 685 2318; x_wconf 88' lang='lat'>2.</span> <span class='ocrx_word' id='word_1_267' title='bbox 698 2285 720 2316; x_wconf 83' lang='lat' dir='ltr'>c.</span> <span class='ocrx_word' id='word_1_268' title='bbox 731 2271 783 2317; x_wconf 88' lang='lat'>18..</span> <span class='ocrx_word' id='word_1_269' title='bbox 794 2269 858 2316; x_wconf 88' lang='lat' dir='ltr'>Eum</span> <span class='ocrx_word' id='word_1_270' title='bbox 876 2267 956 2316; x_wconf 88' lang='lat' dir='ltr'>locam</span> <span class='ocrx_word' id='word_1_271' title='bbox 973 2275 1057 2317; x_wconf 89' lang='lat' dir='ltr'>aestate</span> <span class='ocrx_word' id='word_1_272' title='bbox 1075 2267 1221 2332; x_wconf 69' lang='grc'><strong>8088818088</strong></span> 
     </span>
    </p>
   </div>
   <div class='ocr_carea' id='block_1_13' title="bbox 114 2331 1218 2448">
    <p class='ocr_par' dir='ltr' id='par_1_13' title="bbox 114 2331 1218 2448">
     <span class='ocr_line' id='line_1_27' title="bbox 114 2331 1218 2397; baseline 0.003 -17"><span class='ocrx_word' id='word_1_273' title='bbox 114 2332 287 2394; x_wconf 88' lang='lat' dir='ltr'>subactumque</span> <span class='ocrx_word' id='word_1_274' title='bbox 304 2333 392 2394; x_wconf 81' lang='lat' dir='ltr'>saepius</span> <span class='ocrx_word' id='word_1_275' title='bbox 404 2346 447 2394; x_wconf 90' lang='lat' dir='ltr'>per</span> <span class='ocrx_word' id='word_1_276' title='bbox 457 2339 596 2380; x_wconf 82' lang='lat' dir='ltr'>autumnum</span> <span class='ocrx_word' id='word_1_277' title='bbox 613 2333 679 2396; x_wconf 88' lang='lat' dir='ltr'>rapis</span> <span class='ocrx_word' id='word_1_278' title='bbox 697 2335 735 2381; x_wconf 89' lang='lat' dir='ltr'>vel</span> <span class='ocrx_word' id='word_1_279' title='bbox 751 2333 830 2397; x_wconf 87' lang='lat' dir='ltr'>napis,</span> <span class='ocrx_word' id='word_1_280' title='bbox 848 2332 886 2381; x_wconf 90' lang='grc'>081</span> <span class='ocrx_word' id='word_1_281' title='bbox 897 2331 972 2381; x_wconf 88' lang='lat' dir='ltr'>etiam</span> <span class='ocrx_word' id='word_1_282' title='bbox 990 2334 1047 2382; x_wconf 85' lang='lat' dir='ltr'>laba</span> <span class='ocrx_word' id='word_1_283' title='bbox 1057 2347 1218 2383; x_wconf 78' lang='lat' dir='ltr'>conseramus.</span> 
     </span>
     <span class='ocr_line' id='line_1_28' title="bbox 115 2394 584 2448; baseline 0.004 -4"><span class='ocrx_word' id='word_1_284' title='bbox 115 2396 183 2446; x_wconf 86' lang='lat' dir='ltr'>Add.</span> <span class='ocrx_word' id='word_1_285' title='bbox 200 2397 238 2446; x_wconf 81' lang='lat' dir='ltr'>la.</span> <span class='ocrx_word' id='word_1_286' title='bbox 248 2397 266 2445; x_wconf 93' lang='grc'>1.</span> <span class='ocrx_word' id='word_1_287' title='bbox 276 2399 300 2444; x_wconf 89' lang='grc'><strong>8.</strong></span> <span class='ocrx_word' id='word_1_288' title='bbox 311 2412 333 2444; x_wconf 84' lang='grc'>8.</span> <span class='ocrx_word' id='word_1_289' title='bbox 343 2400 383 2448; x_wconf 85' lang='grc'>14.</span> <span class='ocrx_word' id='word_1_290' title='bbox 394 2403 420 2443; x_wconf 86' lang='grc'>81</span> <span class='ocrx_word' id='word_1_291' title='bbox 430 2397 446 2443; x_wconf 90' lang='grc'>1.</span> <span class='ocrx_word' id='word_1_292' title='bbox 458 2401 497 2446; x_wconf 92' lang='grc'>12.</span> <span class='ocrx_word' id='word_1_293' title='bbox 509 2413 531 2446; x_wconf 83' lang='grc'>8.</span> <span class='ocrx_word' id='word_1_294' title='bbox 544 2394 584 2446; x_wconf 85' lang='grc'>80.</span> 
     </span>
    </p>
   </div>
   <div class='ocr_carea' id='block_1_14' title="bbox 499 2473 832 2568">
    <p class='ocr_par' dir='ltr' id='par_1_14' title="bbox 499 2473 832 2568">
     <span class='ocr_line' id='line_1_29' title="bbox 499 2473 832 2568; baseline 0 -16"><span class='ocrx_word' id='word_1_295' title='bbox 499 2507 540 2552; x_wconf 92' lang='grc'><strong>10.</strong></span> <span class='ocrx_word' id='word_1_296' title='bbox 559 2473 832 2568; x_wconf 77' lang='lat' dir='ltr'>Velsoepiusiteratum.</span> 
     </span>
    </p>
   </div>
   <div class='ocr_carea' id='block_1_15' title="bbox 111 2583 1263 3166">
    <p class='ocr_par' dir='ltr' id='par_1_15' title="bbox 111 2583 1263 3166">
     <span class='ocr_line' id='line_1_30' title="bbox 146 2583 1220 2649; baseline 0.002 -17"><span class='ocrx_word' id='word_1_297' title='bbox 146 2583 324 2646; x_wconf 77' lang='lat' dir='ltr'>Nonnunquam</span> <span class='ocrx_word' id='word_1_298' title='bbox 335 2583 421 2646; x_wconf 85' lang='lat' dir='ltr'>saepius</span> <span class='ocrx_word' id='word_1_299' title='bbox 432 2584 540 2634; x_wconf 85' lang='lat' dir='ltr'>iteratur.</span> <span class='ocrx_word' id='word_1_300' title='bbox 553 2585 648 2634; x_wconf 80' lang='lat' dir='ltr'>Terent.</span> <span class='ocrx_word' id='word_1_301' title='bbox 658 2587 723 2634; x_wconf 80' lang='lat' dir='ltr'>Ean.</span> <span class='ocrx_word' id='word_1_302' title='bbox 734 2591 759 2634; x_wconf 90' lang='grc'><strong>2.</strong></span> <span class='ocrx_word' id='word_1_303' title='bbox 769 2591 793 2635; x_wconf 93' lang='grc'>8.</span> <span class='ocrx_word' id='word_1_304' title='bbox 808 2585 879 2634; x_wconf 86' lang='lat' dir='ltr'>Hanc</span> <span class='ocrx_word' id='word_1_305' title='bbox 889 2593 915 2634; x_wconf 91' lang='lat' dir='ltr'>tu</span> <span class='ocrx_word' id='word_1_306' title='bbox 927 2585 988 2633; x_wconf 87' lang='lat' dir='ltr'>mihi</span> <span class='ocrx_word' id='word_1_307' title='bbox 998 2583 1035 2631; x_wconf 88' lang='lat' dir='ltr'>vel</span> <span class='ocrx_word' id='word_1_308' title='bbox 1046 2585 1081 2649; x_wconf 86' lang='lat' dir='ltr'>ri,</span> <span class='ocrx_word' id='word_1_309' title='bbox 1090 2587 1132 2633; x_wconf 93' lang='grc'>081</span> <span class='ocrx_word' id='word_1_310' title='bbox 1146 2586 1220 2645; x_wconf 83' lang='lat' dir='ltr'>clam,</span> 
     </span>
     <span class='ocr_line' id='line_1_31' title="bbox 111 2648 1218 2714; baseline 0.004 -19"><span class='ocrx_word' id='word_1_311' title='bbox 111 2650 155 2696; x_wconf 87' lang='grc'>081</span> <span class='ocrx_word' id='word_1_312' title='bbox 166 2651 273 2712; x_wconf 85' lang='lat' dir='ltr'>precario</span> <span class='ocrx_word' id='word_1_313' title='bbox 283 2649 321 2697; x_wconf 82' lang='lat' dir='ltr'>lac</span> <span class='ocrx_word' id='word_1_314' title='bbox 335 2648 423 2696; x_wconf 82' lang='lat' dir='ltr'>tradas.</span> <span class='ocrx_word' id='word_1_315' title='bbox 448 2648 500 2697; x_wconf 85' lang='lat' dir='ltr'>Cic.</span> <span class='ocrx_word' id='word_1_316' title='bbox 509 2662 553 2710; x_wconf 87' lang='lat' dir='ltr'>pro</span> <span class='ocrx_word' id='word_1_317' title='bbox 563 2650 651 2709; x_wconf 79' lang='lat' dir='ltr'>Ligar.</span> <span class='ocrx_word' id='word_1_318' title='bbox 662 2666 684 2698; x_wconf 90' lang='lat' dir='ltr'>c.</span> <span class='ocrx_word' id='word_1_319' title='bbox 695 2654 720 2699; x_wconf 90' lang='grc'>8.</span> <span class='ocrx_word' id='word_1_320' title='bbox 743 2649 874 2697; x_wconf 84' lang='lat' dir='ltr'>Tuberonis</span> <span class='ocrx_word' id='word_1_321' title='bbox 888 2667 933 2712; x_wconf 83' lang='lat' dir='ltr'>ego</span> <span class='ocrx_word' id='word_1_322' title='bbox 947 2651 1071 2698; x_wconf 75' lang='lat' dir='ltr'>industrie</span> <span class='ocrx_word' id='word_1_323' title='bbox 1091 2650 1218 2714; x_wconf 77' lang='lat' dir='ltr'>gloriaque</span> 
     </span>
     <span class='ocr_line' id='line_1_32' title="bbox 113 2712 1218 2779; baseline 0.004 -19"><span class='ocrx_word' id='word_1_324' title='bbox 113 2714 195 2770; x_wconf 85' lang='lat' dir='ltr'>faveo,</span> <span class='ocrx_word' id='word_1_325' title='bbox 213 2712 252 2761; x_wconf 85' lang='grc'>081</span> <span class='ocrx_word' id='word_1_326' title='bbox 270 2721 367 2776; x_wconf 90' lang='lat' dir='ltr'>propter</span> <span class='ocrx_word' id='word_1_327' title='bbox 384 2713 540 2776; x_wconf 85' lang='lat' dir='ltr'>propinquam</span> <span class='ocrx_word' id='word_1_328' title='bbox 560 2714 735 2776; x_wconf 83' lang='lat' dir='ltr'>cognationem,</span> <span class='ocrx_word' id='word_1_329' title='bbox 750 2714 789 2761; x_wconf 90' lang='grc'>081</span> <span class='ocrx_word' id='word_1_330' title='bbox 811 2716 875 2777; x_wconf 90' lang='lat' dir='ltr'>quod</span> <span class='ocrx_word' id='word_1_331' title='bbox 892 2716 944 2778; x_wconf 87' lang='lat' dir='ltr'>ejus</span> <span class='ocrx_word' id='word_1_332' title='bbox 966 2715 1066 2776; x_wconf 89' lang='lat' dir='ltr'>ingenio</span> <span class='ocrx_word' id='word_1_333' title='bbox 1084 2716 1218 2779; x_wconf 89' lang='lat' dir='ltr'>studiisque</span> 
     </span>
     <span class='ocr_line' id='line_1_33' title="bbox 114 2776 1219 2844; baseline 0.003 -19"><span class='ocrx_word' id='word_1_334' title='bbox 114 2779 231 2834; x_wconf 90' lang='lat' dir='ltr'>delector,</span> <span class='ocrx_word' id='word_1_335' title='bbox 238 2780 277 2826; x_wconf 89' lang='lat' dir='ltr'>vel</span> <span class='ocrx_word' id='word_1_336' title='bbox 289 2780 352 2840; x_wconf 89' lang='lat' dir='ltr'>quod</span> <span class='ocrx_word' id='word_1_337' title='bbox 362 2776 458 2824; x_wconf 83' lang='lat' dir='ltr'>laudem</span> <span class='ocrx_word' id='word_1_338' title='bbox 469 2777 629 2825; x_wconf 88' lang='lat' dir='ltr'>adolescentis</span> <span class='ocrx_word' id='word_1_339' title='bbox 639 2779 767 2841; x_wconf 85' lang='lat' dir='ltr'>propinqui</span> <span class='ocrx_word' id='word_1_340' title='bbox 778 2779 888 2826; x_wconf 79' lang='lat' dir='ltr'>existimo</span> <span class='ocrx_word' id='word_1_341' title='bbox 899 2781 970 2828; x_wconf 90' lang='lat' dir='ltr'>etiam</span> <span class='ocrx_word' id='word_1_342' title='bbox 981 2780 1012 2827; x_wconf 88' lang='lat' dir='ltr'>ad</span> <span class='ocrx_word' id='word_1_343' title='bbox 1022 2795 1101 2827; x_wconf 88' lang='lat' dir='ltr'>meam</span> <span class='ocrx_word' id='word_1_344' title='bbox 1114 2780 1219 2844; x_wconf 84' lang='lat' dir='ltr'>aliquem</span> 
     </span>
     <span class='ocr_line' id='line_1_34' title="bbox 113 2837 1263 2904; baseline -0.001 -12"><span class='ocrx_word' id='word_1_345' title='bbox 113 2845 220 2892; x_wconf 75' lang='lat' dir='ltr'>fructum</span> <span class='ocrx_word' id='word_1_346' title='bbox 229 2844 371 2891; x_wconf 86' lang='lat' dir='ltr'>redundare.</span> <span class='ocrx_word' id='word_1_347' title='bbox 388 2844 403 2871; x_wconf 74' lang='lat'><strong>¹</strong></span> <span class='ocrx_word' id='word_1_348' title='bbox 414 2841 531 2890; x_wconf 76' lang='lat' dir='ltr'>Adara.</span> <span class='ocrx_word' id='word_1_349' title='bbox 547 2847 561 2890; x_wconf 92' lang='grc'><strong>2</strong></span> <span class='ocrx_word' id='word_1_350' title='bbox 576 2843 648 2891; x_wconf 85' lang='lat' dir='ltr'>Catil.</span> <span class='ocrx_word' id='word_1_351' title='bbox 660 2858 682 2890; x_wconf 86' lang='lat' dir='ltr'>c.</span> <span class='ocrx_word' id='word_1_352' title='bbox 694 2846 717 2891; x_wconf 90' lang='lat'>1.</span> <span class='ocrx_word' id='word_1_353' title='bbox 734 2843 749 2871; x_wconf 69' lang='lat'>⁸*</span> <span class='ocrx_word' id='word_1_354' title='bbox 760 2843 851 2899; x_wconf 87' lang='lat' dir='ltr'>Quater</span> <span class='ocrx_word' id='word_1_355' title='bbox 860 2844 991 2904; x_wconf 87' lang='lat' dir='ltr'>repetitum</span> <span class='ocrx_word' id='word_1_356' title='bbox 1001 2837 1039 2890; x_wconf 75' lang='lat' dir='ltr'>est</span> <span class='ocrx_word' id='word_1_357' title='bbox 1047 2844 1073 2890; x_wconf 89' lang='lat' dir='ltr'>in</span> <span class='ocrx_word' id='word_1_358' title='bbox 1085 2845 1102 2890; x_wconf 91' lang='lat'>1.</span> <span class='ocrx_word' id='word_1_359' title='bbox 1113 2848 1137 2893; x_wconf 91' lang='lat'>2.</span> <span class='ocrx_word' id='word_1_360' title='bbox 1148 2847 1218 2896; x_wconf 81' lang='lat' dir='ltr'>Fam.</span> <span class='ocrx_word' id='word_1_361' title='bbox 1258 2857 1263 2866; x_wconf 87' lang='grc'><em>“</em></span> 
     </span>
     <span class='ocr_line' id='line_1_35' title="bbox 115 2907 1219 2972; baseline 0.001 -14"><span class='ocrx_word' id='word_1_362' title='bbox 115 2924 153 2972; x_wconf 78' lang='lat' dir='ltr'>ep.</span> <span class='ocrx_word' id='word_1_363' title='bbox 163 2912 188 2957; x_wconf 82' lang='grc'>’1.</span> <span class='ocrx_word' id='word_1_364' title='bbox 205 2908 256 2956; x_wconf 88' lang='lat' dir='ltr'>Cur</span> <span class='ocrx_word' id='word_1_365' title='bbox 266 2925 314 2954; x_wconf 91' lang='lat' dir='ltr'>non</span> <span class='ocrx_word' id='word_1_366' title='bbox 325 2907 408 2954; x_wconf 85' lang='lat' dir='ltr'>adsum</span> <span class='ocrx_word' id='word_1_367' title='bbox 418 2907 456 2953; x_wconf 85' lang='lat' dir='ltr'>vel</span> <span class='ocrx_word' id='word_1_368' title='bbox 467 2908 552 2962; x_wconf 89' lang='lat' dir='ltr'>socius,</span> <span class='ocrx_word' id='word_1_369' title='bbox 563 2907 603 2953; x_wconf 90' lang='grc'>081</span> <span class='ocrx_word' id='word_1_370' title='bbox 611 2907 720 2954; x_wconf 86' lang='lat' dir='ltr'>minister</span> <span class='ocrx_word' id='word_1_371' title='bbox 728 2908 878 2956; x_wconf 84' lang='lat' dir='ltr'>consiliorum</span> <span class='ocrx_word' id='word_1_372' title='bbox 889 2909 897 2955; x_wconf 90' lang='lat'>?</span> <span class='ocrx_word' id='word_1_373' title='bbox 915 2909 954 2958; x_wconf 86' lang='lat' dir='ltr'>Id.</span> <span class='ocrx_word' id='word_1_374' title='bbox 965 2908 982 2954; x_wconf 89' lang='lat' dir='ltr'>l.</span> <span class='ocrx_word' id='word_1_375' title='bbox 995 2914 1019 2958; x_wconf 89' lang='grc'>8.</span> <span class='ocrx_word' id='word_1_376' title='bbox 1033 2910 1080 2965; x_wconf 85' lang='lat' dir='ltr'>Qa.</span> <span class='ocrx_word' id='word_1_377' title='bbox 1091 2910 1135 2958; x_wconf 84' lang='lat' dir='ltr'>Fr.</span> <span class='ocrx_word' id='word_1_378' title='bbox 1146 2926 1183 2972; x_wconf 80' lang='lat' dir='ltr'>ap.</span> <span class='ocrx_word' id='word_1_379' title='bbox 1194 2913 1219 2960; x_wconf 89' lang='lat'>8.</span> 
     </span>
     <span class='ocr_line' id='line_1_36' title="bbox 112 2971 1219 3036; baseline 0.002 -16"><span class='ocrx_word' id='word_1_380' title='bbox 112 2981 175 3021; x_wconf 84' lang='lat' dir='ltr'>extr.</span> <span class='ocrx_word' id='word_1_381' title='bbox 191 2973 321 3036; x_wconf 89' lang='lat' dir='ltr'>Pompeius</span> <span class='ocrx_word' id='word_1_382' title='bbox 331 2971 401 3019; x_wconf 86' lang='lat' dir='ltr'>ludos</span> <span class='ocrx_word' id='word_1_383' title='bbox 411 2976 508 3033; x_wconf 87' lang='lat' dir='ltr'>apparet</span> <span class='ocrx_word' id='word_1_384' title='bbox 515 2971 759 3034; x_wconf 86' lang='lat' dir='ltr'>magnificentissimos</span> <span class='ocrx_word' id='word_1_385' title='bbox 767 2973 841 3020; x_wconf 91' lang='lat' dir='ltr'>stulte</span> <span class='ocrx_word' id='word_1_386' title='bbox 851 2989 858 3032; x_wconf 93' lang='lat'>;</span> <span class='ocrx_word' id='word_1_387' title='bbox 872 2973 909 3021; x_wconf 86' lang='lat' dir='ltr'>bis</span> <span class='ocrx_word' id='word_1_388' title='bbox 917 2981 1001 3034; x_wconf 85' lang='lat' dir='ltr'>terque</span> <span class='ocrx_word' id='word_1_389' title='bbox 1011 2987 1060 3020; x_wconf 88' lang='lat' dir='ltr'>non</span> <span class='ocrx_word' id='word_1_390' title='bbox 1068 2975 1219 3035; x_wconf 68' lang='lat' dir='ltr'>postulatus,</span> 
     </span>
     <span class='ocr_line' id='line_1_37' title="bbox 113 3034 1218 3104; baseline 0.002 -19"><span class='ocrx_word' id='word_1_391' title='bbox 113 3039 154 3086; x_wconf 88' lang='grc'>081</span> <span class='ocrx_word' id='word_1_392' title='bbox 166 3039 224 3102; x_wconf 83' lang='lat' dir='ltr'>quia</span> <span class='ocrx_word' id='word_1_393' title='bbox 236 3052 320 3086; x_wconf 87' lang='lat' dir='ltr'>munus</span> <span class='ocrx_word' id='word_1_394' title='bbox 333 3035 481 3098; x_wconf 85' lang='lat' dir='ltr'>magnificum</span> <span class='ocrx_word' id='word_1_395' title='bbox 492 3034 600 3092; x_wconf 86' lang='lat' dir='ltr'>dederat,</span> <span class='ocrx_word' id='word_1_396' title='bbox 610 3037 650 3082; x_wconf 89' lang='lat' dir='ltr'>vel</span> <span class='ocrx_word' id='word_1_397' title='bbox 660 3036 717 3098; x_wconf 87' lang='lat' dir='ltr'>quia</span> <span class='ocrx_word' id='word_1_398' title='bbox 726 3035 852 3085; x_wconf 79' lang='lat' dir='ltr'>facultates</span> <span class='ocrx_word' id='word_1_399' title='bbox 869 3045 1002 3094; x_wconf 85' lang='lat' dir='ltr'>nouerant,</span> <span class='ocrx_word' id='word_1_400' title='bbox 1018 3038 1058 3086; x_wconf 89' lang='grc'>081</span> <span class='ocrx_word' id='word_1_401' title='bbox 1076 3038 1132 3101; x_wconf 84' lang='lat' dir='ltr'>quia</span> <span class='ocrx_word' id='word_1_402' title='bbox 1141 3043 1218 3104; x_wconf 84' lang='lat' dir='ltr'>magi·</span> 
     </span>
     <span class='ocr_line' id='line_1_38' title="bbox 113 3099 869 3166; baseline 0 -16"><span class='ocrx_word' id='word_1_403' title='bbox 113 3109 172 3161; x_wconf 89' lang='lat' dir='ltr'>ater,</span> <span class='ocrx_word' id='word_1_404' title='bbox 182 3103 222 3150; x_wconf 87' lang='grc'>081</span> <span class='ocrx_word' id='word_1_405' title='bbox 234 3103 289 3166; x_wconf 85' lang='lat' dir='ltr'>quia</span> <span class='ocrx_word' id='word_1_406' title='bbox 300 3107 411 3166; x_wconf 88' lang='lat' dir='ltr'>potuerat</span> <span class='ocrx_word' id='word_1_407' title='bbox 419 3099 558 3164; x_wconf 84' lang='lat' dir='ltr'>magistrum</span> <span class='ocrx_word' id='word_1_408' title='bbox 568 3116 604 3156; x_wconf 90' lang='lat' dir='ltr'>se,</span> <span class='ocrx_word' id='word_1_409' title='bbox 614 3115 662 3149; x_wconf 88' lang='lat' dir='ltr'>non</span> <span class='ocrx_word' id='word_1_410' title='bbox 673 3101 767 3148; x_wconf 80' lang='lat' dir='ltr'>edilem</span> <span class='ocrx_word' id='word_1_411' title='bbox 775 3109 869 3164; x_wconf 83' lang='lat' dir='ltr'>putare.</span> 
     </span>
    </p>
   </div>
   <div class='ocr_carea' id='block_1_16' title="bbox 342 3213 989 3270">
    <p class='ocr_par' dir='ltr' id='par_1_16' title="bbox 342 3213 989 3270">
     <span class='ocr_line' id='line_1_39' title="bbox 342 3213 989 3270; baseline 0 -7"><span class='ocrx_word' id='word_1_412' title='bbox 342 3213 409 3263; x_wconf 67' lang='grc'><strong>’11.</strong></span> <span class='ocrx_word' id='word_1_413' title='bbox 429 3213 610 3264; x_wconf 79' lang='lat' dir='ltr'>Vel-ael-aal</span> <span class='ocrx_word' id='word_1_414' title='bbox 620 3214 701 3270; x_wconf 82' lang='lat' dir='ltr'>etiam,</span> <span class='ocrx_word' id='word_1_415' title='bbox 712 3222 754 3262; x_wconf 86' lang='lat' dir='ltr'>aut</span> <span class='ocrx_word' id='word_1_416' title='bbox 762 3215 800 3263; x_wconf 83' lang='lat' dir='ltr'>val</span> <span class='ocrx_word' id='word_1_417' title='bbox 809 3217 841 3263; x_wconf 89' lang='lat' dir='ltr'>ad</span> <span class='ocrx_word' id='word_1_418' title='bbox 850 3222 989 3265; x_wconf 83' lang='lat' dir='ltr'>extremam.</span> 
     </span>
    </p>
   </div>
   <div class='ocr_carea' id='block_1_17' title="bbox 111 3267 1218 3619">
    <p class='ocr_par' dir='ltr' id='par_1_17' title="bbox 111 3267 1218 3619">
     <span class='ocr_line' id='line_1_40' title="bbox 194 3267 198 3288; baseline 0 0"><span class='ocrx_word' id='word_1_419' title='bbox 194 3267 198 3288; x_wconf 90' lang='lat' dir='ltr'>l</span> 
     </span>
     <span class='ocr_line' id='line_1_41' title="bbox 149 3294 1218 3360; baseline 0.002 -13"><span class='ocrx_word' id='word_1_420' title='bbox 149 3299 213 3347; x_wconf 81' lang='lat' dir='ltr'>Cels.</span> <span class='ocrx_word' id='word_1_421' title='bbox 230 3298 248 3344; x_wconf 95' lang='grc'>1.</span> <span class='ocrx_word' id='word_1_422' title='bbox 267 3302 291 3344; x_wconf 93' lang='grc'>5.</span> <span class='ocrx_word' id='word_1_423' title='bbox 309 3310 331 3344; x_wconf 86' lang='grc'>8.</span> <span class='ocrx_word' id='word_1_424' title='bbox 349 3299 390 3343; x_wconf 86' lang='grc'>20.</span> <span class='ocrx_word' id='word_1_425' title='bbox 406 3297 435 3344; x_wconf 86' lang='lat' dir='ltr'>de</span> <span class='ocrx_word' id='word_1_426' title='bbox 452 3294 517 3356; x_wconf 82' lang='lat' dir='ltr'>siga.</span> <span class='ocrx_word' id='word_1_427' title='bbox 535 3310 639 3359; x_wconf 73' lang='grc'><strong>00808800.</strong></span> <span class='ocrx_word' id='word_1_428' title='bbox 658 3295 753 3343; x_wconf 79' lang='lat' dir='ltr'>medati.</span> <span class='ocrx_word' id='word_1_429' title='bbox 769 3294 915 3358; x_wconf 86' lang='lat' dir='ltr'>Interposito</span> <span class='ocrx_word' id='word_1_430' title='bbox 935 3301 1040 3360; x_wconf 87' lang='lat' dir='ltr'>tempore</span> <span class='ocrx_word' id='word_1_431' title='bbox 1056 3295 1145 3360; x_wconf 89' lang='lat' dir='ltr'>aliquo,</span> <span class='ocrx_word' id='word_1_432' title='bbox 1166 3299 1218 3349; x_wconf 86' lang='lat' dir='ltr'>sine</span> 
     </span>
     <span class='ocr_line' id='line_1_42' title="bbox 113 3359 1218 3422; baseline 0.001 -10"><span class='ocrx_word' id='word_1_433' title='bbox 113 3362 237 3412; x_wconf 84' lang='lat' dir='ltr'>voluntate</span> <span class='ocrx_word' id='word_1_434' title='bbox 253 3361 377 3408; x_wconf 85' lang='lat' dir='ltr'>inferiores</span> <span class='ocrx_word' id='word_1_435' title='bbox 396 3368 476 3422; x_wconf 89' lang='lat' dir='ltr'>partes</span> <span class='ocrx_word' id='word_1_436' title='bbox 490 3360 530 3407; x_wconf 91' lang='grc'>081</span> <span class='ocrx_word' id='word_1_437' title='bbox 550 3375 640 3418; x_wconf 86' lang='grc'><strong>880888,</strong></span> <span class='ocrx_word' id='word_1_438' title='bbox 658 3360 696 3407; x_wconf 90' lang='grc'>081</span> <span class='ocrx_word' id='word_1_439' title='bbox 714 3359 816 3417; x_wconf 90' lang='lat' dir='ltr'>urinam,</span> <span class='ocrx_word' id='word_1_440' title='bbox 831 3361 869 3408; x_wconf 85' lang='lat' dir='ltr'>vel</span> <span class='ocrx_word' id='word_1_441' title='bbox 885 3362 957 3410; x_wconf 85' lang='lat' dir='ltr'>etiam</span> <span class='ocrx_word' id='word_1_442' title='bbox 972 3368 1062 3409; x_wconf 87' lang='lat' dir='ltr'>stercus</span> <span class='ocrx_word' id='word_1_443' title='bbox 1080 3373 1218 3413; x_wconf 86' lang='lat' dir='ltr'>ercemunt.</span> 
     </span>
     <span class='ocr_line' id='line_1_43' title="bbox 117 3424 1216 3488; baseline -0.002 -11"><span class='ocrx_word' id='word_1_444' title='bbox 117 3428 170 3477; x_wconf 85' lang='lat' dir='ltr'>Cic.</span> <span class='ocrx_word' id='word_1_445' title='bbox 190 3429 209 3477; x_wconf 91' lang='lat' dir='ltr'>l.</span> <span class='ocrx_word' id='word_1_446' title='bbox 222 3430 245 3474; x_wconf 92' lang='grc'>1.</span> <span class='ocrx_word' id='word_1_447' title='bbox 265 3426 334 3476; x_wconf 87' lang='lat' dir='ltr'>Fam.</span> <span class='ocrx_word' id='word_1_448' title='bbox 352 3439 388 3486; x_wconf 82' lang='lat' dir='ltr'>ep.</span> <span class='ocrx_word' id='word_1_449' title='bbox 405 3426 429 3470; x_wconf 89' lang='grc'>8.</span> <span class='ocrx_word' id='word_1_450' title='bbox 448 3424 505 3472; x_wconf 72' lang='grc'><strong>118.</strong></span> <span class='ocrx_word' id='word_1_451' title='bbox 521 3425 538 3471; x_wconf 91' lang='grc' dir='ltr'>Ι.</span> <span class='ocrx_word' id='word_1_452' title='bbox 549 3429 591 3473; x_wconf 90' lang='grc'>42.</span> <span class='ocrx_word' id='word_1_453' title='bbox 606 3440 629 3474; x_wconf 82' lang='grc'>8.</span> <span class='ocrx_word' id='word_1_454' title='bbox 646 3427 688 3474; x_wconf 85' lang='grc'>28.</span> <span class='ocrx_word' id='word_1_455' title='bbox 704 3424 776 3472; x_wconf 90' lang='lat' dir='ltr'>Missi</span> <span class='ocrx_word' id='word_1_456' title='bbox 797 3431 861 3488; x_wconf 88' lang='lat' dir='ltr'>sunt,</span> <span class='ocrx_word' id='word_1_457' title='bbox 880 3426 923 3488; x_wconf 89' lang='lat' dir='ltr'>qui</span> <span class='ocrx_word' id='word_1_458' title='bbox 939 3433 1032 3474; x_wconf 85' lang='lat' dir='ltr'>orarent</span> <span class='ocrx_word' id='word_1_459' title='bbox 1049 3426 1171 3484; x_wconf 85' lang='lat' dir='ltr'>Senatum,</span> <span class='ocrx_word' id='word_1_460' title='bbox 1189 3437 1216 3479; x_wconf 90' lang='lat' dir='ltr'>ut</span> 
     </span>
     <span class='ocr_line' id='line_1_44' title="bbox 111 3488 1216 3556; baseline -0.001 -17"><span class='ocrx_word' id='word_1_461' title='bbox 111 3492 188 3540; x_wconf 87' lang='lat' dir='ltr'>trium</span> <span class='ocrx_word' id='word_1_462' title='bbox 198 3493 278 3539; x_wconf 86' lang='lat' dir='ltr'>harum</span> <span class='ocrx_word' id='word_1_463' title='bbox 287 3505 365 3538; x_wconf 88' lang='grc'><strong>080808</strong></span> <span class='ocrx_word' id='word_1_464' title='bbox 371 3502 444 3536; x_wconf 90' lang='lat' dir='ltr'>unam</span> <span class='ocrx_word' id='word_1_465' title='bbox 450 3490 480 3535; x_wconf 90' lang='lat' dir='ltr'>ab</span> <span class='ocrx_word' id='word_1_466' title='bbox 488 3503 513 3535; x_wconf 87' lang='lat' dir='ltr'>se</span> <span class='ocrx_word' id='word_1_467' title='bbox 519 3488 640 3551; x_wconf 88' lang='lat' dir='ltr'>impetrari</span> <span class='ocrx_word' id='word_1_468' title='bbox 647 3489 766 3536; x_wconf 87' lang='lat' dir='ltr'>sinerent:</span> <span class='ocrx_word' id='word_1_469' title='bbox 778 3495 805 3535; x_wconf 93' lang='lat' dir='ltr'>ut</span> <span class='ocrx_word' id='word_1_470' title='bbox 812 3490 852 3536; x_wconf 89' lang='grc'>081</span> <span class='ocrx_word' id='word_1_471' title='bbox 857 3505 888 3537; x_wconf 87' lang='lat' dir='ltr'>ex</span> <span class='ocrx_word' id='word_1_472' title='bbox 894 3505 962 3553; x_wconf 85' lang='lat' dir='ltr'>aequo</span> <span class='ocrx_word' id='word_1_473' title='bbox 969 3489 1034 3552; x_wconf 89' lang='lat' dir='ltr'>apud</span> <span class='ocrx_word' id='word_1_474' title='bbox 1042 3491 1131 3538; x_wconf 89' lang='lat' dir='ltr'>socium</span> <span class='ocrx_word' id='word_1_475' title='bbox 1138 3508 1216 3556; x_wconf 89' lang='lat' dir='ltr'>popu-</span> 
     </span>
     <span class='ocr_line' id='line_1_45' title="bbox 113 3551 1215 3619; baseline 0.001 -13"><span class='ocrx_word' id='word_1_476' title='bbox 113 3557 173 3612; x_wconf 90' lang='lat' dir='ltr'>lum,</span> <span class='ocrx_word' id='word_1_477' title='bbox 182 3556 240 3619; x_wconf 90' lang='lat' dir='ltr'>quid</span> <span class='ocrx_word' id='word_1_478' title='bbox 248 3555 362 3619; x_wconf 88' lang='lat' dir='ltr'>cujusque</span> <span class='ocrx_word' id='word_1_479' title='bbox 373 3561 446 3609; x_wconf 88' lang='lat' dir='ltr'>esset,</span> <span class='ocrx_word' id='word_1_480' title='bbox 461 3551 637 3618; x_wconf 83' lang='lat' dir='ltr'>disceptarent:</span> <span class='ocrx_word' id='word_1_481' title='bbox 656 3553 694 3600; x_wconf 92' lang='grc'>081</span> <span class='ocrx_word' id='word_1_482' title='bbox 705 3553 869 3615; x_wconf 85' lang='lat' dir='ltr'>permitterent</span> <span class='ocrx_word' id='word_1_483' title='bbox 878 3554 1123 3618; x_wconf 81' lang='lat' dir='ltr'>Carthaginiensibus,</span> <span class='ocrx_word' id='word_1_484' title='bbox 1135 3558 1215 3607; x_wconf 81' lang='grc'><strong>811101-</strong></span> 
     </span>
    </p>
   </div>
   <div class='ocr_carea' id='block_1_18' title="bbox 109 3758 1219 4463">
    <p class='ocr_par' dir='ltr' id='par_1_18' title="bbox 109 3758 1219 4411">
     <span class='ocr_line' id='line_1_46' title="bbox 148 3758 1214 3826; baseline 0.001 -13"><span class='ocrx_word' id='word_1_485' title='bbox 148 3763 168 3797; x_wconf 87' lang='lat'>¹⁷</span> <span class='ocrx_word' id='word_1_486' title='bbox 187 3764 291 3813; x_wconf 86' lang='lat' dir='ltr'>Valcum</span> <span class='ocrx_word' id='word_1_487' title='bbox 297 3760 420 3826; x_wconf 81' lang='lat' dir='ltr'>disjungit,</span> <span class='ocrx_word' id='word_1_488' title='bbox 430 3761 593 3824; x_wconf 78' lang='lat' dir='ltr'>etpraesertim</span> <span class='ocrx_word' id='word_1_489' title='bbox 600 3759 621 3808; x_wconf 89' lang='lat' dir='ltr'>si</span> <span class='ocrx_word' id='word_1_490' title='bbox 629 3760 667 3808; x_wconf 86' lang='lat' dir='ltr'>bis</span> <span class='ocrx_word' id='word_1_491' title='bbox 677 3758 774 3823; x_wconf 86' lang='lat' dir='ltr'>ponitur</span> <span class='ocrx_word' id='word_1_492' title='bbox 782 3758 835 3807; x_wconf 90' lang='lat' dir='ltr'>sine</span> <span class='ocrx_word' id='word_1_493' title='bbox 845 3760 897 3809; x_wconf 88' lang='lat' dir='ltr'>ulla</span> <span class='ocrx_word' id='word_1_494' title='bbox 904 3760 1055 3817; x_wconf 85' lang='lat' dir='ltr'>necessitate,</span> <span class='ocrx_word' id='word_1_495' title='bbox 1066 3768 1115 3810; x_wconf 86' lang='lat' dir='ltr'>tum</span> <span class='ocrx_word' id='word_1_496' title='bbox 1122 3764 1214 3814; x_wconf 88' lang='lat' dir='ltr'>curiose</span> 
     </span>
     <span class='ocr_line' id='line_1_47' title="bbox 112 3825 1214 3890; baseline 0.001 -12"><span class='ocrx_word' id='word_1_497' title='bbox 112 3835 143 3878; x_wconf 89' lang='lat' dir='ltr'>et</span> <span class='ocrx_word' id='word_1_498' title='bbox 151 3827 278 3890; x_wconf 80' lang='lat' dir='ltr'>diligenter</span> <span class='ocrx_word' id='word_1_499' title='bbox 287 3826 384 3890; x_wconf 90' lang='lat' dir='ltr'>proprio</span> <span class='ocrx_word' id='word_1_500' title='bbox 392 3831 417 3872; x_wconf 89' lang='lat' dir='ltr'>et</span> <span class='ocrx_word' id='word_1_501' title='bbox 427 3825 802 3887; x_wconf 82' lang='lat' dir='ltr'>accommodatolocopoaendum</span> <span class='ocrx_word' id='word_1_502' title='bbox 810 3830 856 3881; x_wconf 88' lang='lat' dir='ltr'>est,</span> <span class='ocrx_word' id='word_1_503' title='bbox 867 3831 895 3874; x_wconf 92' lang='lat' dir='ltr'>ut</span> <span class='ocrx_word' id='word_1_504' title='bbox 900 3825 1091 3889; x_wconf 85' lang='lat' dir='ltr'>perspicuitatem</span> <span class='ocrx_word' id='word_1_505' title='bbox 1101 3842 1128 3875; x_wconf 90' lang='lat' dir='ltr'>ac</span> <span class='ocrx_word' id='word_1_506' title='bbox 1135 3829 1214 3879; x_wconf 90' lang='lat' dir='ltr'>lucem</span> 
     </span>
     <span class='ocr_line' id='line_1_48' title="bbox 111 3890 1213 3953; baseline 0.002 -12"><span class='ocrx_word' id='word_1_507' title='bbox 111 3893 208 3942; x_wconf 76' lang='lat' dir='ltr'>adierat</span> <span class='ocrx_word' id='word_1_508' title='bbox 217 3891 326 3940; x_wconf 88' lang='lat' dir='ltr'>orationi.</span> <span class='ocrx_word' id='word_1_509' title='bbox 343 3891 429 3952; x_wconf 90' lang='lat' dir='ltr'>Inepte</span> <span class='ocrx_word' id='word_1_510' title='bbox 440 3891 545 3953; x_wconf 89' lang='lat' dir='ltr'>positum</span> <span class='ocrx_word' id='word_1_511' title='bbox 555 3896 581 3938; x_wconf 88' lang='grc'>81</span> <span class='ocrx_word' id='word_1_512' title='bbox 597 3890 725 3951; x_wconf 87' lang='lat' dir='ltr'>corrumpit</span> <span class='ocrx_word' id='word_1_513' title='bbox 734 3903 868 3937; x_wconf 86' lang='lat' dir='ltr'>sermonem</span> <span class='ocrx_word' id='word_1_514' title='bbox 878 3897 903 3936; x_wconf 90' lang='grc'>81</span> <span class='ocrx_word' id='word_1_515' title='bbox 913 3890 1031 3940; x_wconf 85' lang='lat' dir='ltr'>obscurat.</span> <span class='ocrx_word' id='word_1_516' title='bbox 1047 3890 1094 3938; x_wconf 89' lang='lat' dir='ltr'>Sed</span> <span class='ocrx_word' id='word_1_517' title='bbox 1104 3906 1160 3940; x_wconf 88' lang='lat' dir='ltr'>usas</span> <span class='ocrx_word' id='word_1_518' title='bbox 1174 3895 1213 3944; x_wconf 90' lang='lat' dir='ltr'>bic</span> 
     </span>
     <span class='ocr_line' id='line_1_49' title="bbox 112 3953 1213 4018; baseline 0.001 -11"><span class='ocrx_word' id='word_1_519' title='bbox 112 3965 140 4008; x_wconf 89' lang='lat' dir='ltr'>et</span> <span class='ocrx_word' id='word_1_520' title='bbox 149 3958 223 4006; x_wconf 88' lang='lat' dir='ltr'>lectio</span> <span class='ocrx_word' id='word_1_521' title='bbox 234 3959 346 4004; x_wconf 89' lang='lat' dir='ltr'>bonorum</span> <span class='ocrx_word' id='word_1_522' title='bbox 357 3956 497 4015; x_wconf 82' lang='lat' dir='ltr'>scriptorum</span> <span class='ocrx_word' id='word_1_523' title='bbox 513 3954 646 4018; x_wconf 73' lang='lat' dir='ltr'>cumprimis</span> <span class='ocrx_word' id='word_1_524' title='bbox 657 3953 791 4002; x_wconf 89' lang='lat' dir='ltr'>necessaria</span> <span class='ocrx_word' id='word_1_525' title='bbox 807 3963 858 4000; x_wconf 89' lang='lat' dir='ltr'>est:</span> <span class='ocrx_word' id='word_1_526' title='bbox 875 3955 963 4017; x_wconf 78' lang='lat' dir='ltr'>regulis</span> <span class='ocrx_word' id='word_1_527' title='bbox 974 3954 1037 4002; x_wconf 90' lang='lat' dir='ltr'>enim</span> <span class='ocrx_word' id='word_1_528' title='bbox 1047 3970 1086 4002; x_wconf 85' lang='lat' dir='ltr'>res</span> <span class='ocrx_word' id='word_1_529' title='bbox 1096 3971 1144 4004; x_wconf 90' lang='lat' dir='ltr'>non</span> <span class='ocrx_word' id='word_1_530' title='bbox 1155 3961 1213 4008; x_wconf 83' lang='lat' dir='ltr'>satis</span> 
     </span>
     <span class='ocr_line' id='line_1_50' title="bbox 112 4019 1210 4086; baseline -0.005 -14"><span class='ocrx_word' id='word_1_531' title='bbox 112 4021 238 4072; x_wconf 88' lang='lat' dir='ltr'>commode</span> <span class='ocrx_word' id='word_1_532' title='bbox 256 4020 471 4083; x_wconf 85' lang='lat' dir='ltr'>comprehenditur.</span> <span class='ocrx_word' id='word_1_533' title='bbox 504 4019 601 4066; x_wconf 88' lang='lat' dir='ltr'>Deinde</span> <span class='ocrx_word' id='word_1_534' title='bbox 611 4019 715 4066; x_wconf 86' lang='lat' dir='ltr'>membra</span> <span class='ocrx_word' id='word_1_535' title='bbox 728 4020 844 4065; x_wconf 89' lang='lat' dir='ltr'>sermonis</span> <span class='ocrx_word' id='word_1_536' title='bbox 856 4019 943 4081; x_wconf 88' lang='lat' dir='ltr'>majora</span> <span class='ocrx_word' id='word_1_537' title='bbox 958 4026 983 4065; x_wconf 90' lang='grc'>81</span> <span class='ocrx_word' id='word_1_538' title='bbox 991 4019 1111 4082; x_wconf 79' lang='lat' dir='ltr'>praecipua</span> <span class='ocrx_word' id='word_1_539' title='bbox 1120 4021 1210 4086; x_wconf 80' lang='lat' dir='ltr'>disjun.</span> 
     </span>
     <span class='ocr_line' id='line_1_51' title="bbox 112 4082 1211 4151; baseline 0.002 -17"><span class='ocrx_word' id='word_1_540' title='bbox 112 4089 193 4151; x_wconf 85' lang='lat' dir='ltr'>ganda</span> <span class='ocrx_word' id='word_1_541' title='bbox 204 4094 260 4134; x_wconf 84' lang='lat' dir='ltr'>sunt</span> <span class='ocrx_word' id='word_1_542' title='bbox 268 4086 338 4148; x_wconf 84' lang='lat' dir='ltr'>longe</span> <span class='ocrx_word' id='word_1_543' title='bbox 347 4086 395 4132; x_wconf 90' lang='lat' dir='ltr'>alia</span> <span class='ocrx_word' id='word_1_544' title='bbox 405 4083 521 4146; x_wconf 84' lang='lat' dir='ltr'>particula</span> <span class='ocrx_word' id='word_1_545' title='bbox 530 4083 692 4146; x_wconf 86' lang='lat' dir='ltr'>disjungente,</span> <span class='ocrx_word' id='word_1_546' title='bbox 702 4097 772 4146; x_wconf 87' lang='lat' dir='ltr'>quarn</span> <span class='ocrx_word' id='word_1_547' title='bbox 787 4083 915 4131; x_wconf 77' lang='lat' dir='ltr'>minoraret</span> <span class='ocrx_word' id='word_1_548' title='bbox 928 4082 1079 4148; x_wconf 81' lang='lat' dir='ltr'>ignobiliora,</span> <span class='ocrx_word' id='word_1_549' title='bbox 1090 4093 1117 4133; x_wconf 92' lang='grc'>81</span> <span class='ocrx_word' id='word_1_550' title='bbox 1126 4087 1211 4136; x_wconf 83' lang='lat' dir='ltr'>itidem</span> 
     </span>
     <span class='ocr_line' id='line_1_52' title="bbox 109 4147 1210 4217; baseline 0 -18"><span class='ocrx_word' id='word_1_551' title='bbox 109 4150 280 4217; x_wconf 79' lang='lat' dir='ltr'>perspicuitati</span> <span class='ocrx_word' id='word_1_552' title='bbox 290 4151 435 4198; x_wconf 90' lang='lat' dir='ltr'>consulatur.</span> <span class='ocrx_word' id='word_1_553' title='bbox 466 4148 506 4196; x_wconf 91' lang='lat' dir='ltr'>Do</span> <span class='ocrx_word' id='word_1_554' title='bbox 515 4149 652 4210; x_wconf 86' lang='lat' dir='ltr'>exemplum</span> <span class='ocrx_word' id='word_1_555' title='bbox 660 4162 692 4195; x_wconf 83' lang='lat' dir='ltr'>ex</span> <span class='ocrx_word' id='word_1_556' title='bbox 701 4149 718 4195; x_wconf 92' lang='grc'>1.</span> <span class='ocrx_word' id='word_1_557' title='bbox 730 4147 787 4196; x_wconf 74' lang='lat' dir='ltr'>hdr</span> <span class='ocrx_word' id='word_1_558' title='bbox 800 4148 870 4196; x_wconf 80' lang='grc'><strong>0081.</strong></span> <span class='ocrx_word' id='word_1_559' title='bbox 878 4163 900 4195; x_wconf 83' lang='grc'>8.</span> <span class='ocrx_word' id='word_1_560' title='bbox 911 4151 952 4196; x_wconf 91' lang='grc'>12.</span> <span class='ocrx_word' id='word_1_561' title='bbox 969 4148 1031 4204; x_wconf 88' lang='lat' dir='ltr'>Quis</span> <span class='ocrx_word' id='word_1_562' title='bbox 1036 4149 1123 4207; x_wconf 88' lang='lat' dir='ltr'>nescit,</span> <span class='ocrx_word' id='word_1_563' title='bbox 1132 4153 1210 4200; x_wconf 86' lang='lat' dir='ltr'>maxi·</span> 
     </span>
     <span class='ocr_line' id='line_1_53' title="bbox 111 4210 1219 4270; baseline -0.004 -4"><span class='ocrx_word' id='word_1_564' title='bbox 111 4233 175 4266; x_wconf 85' lang='lat' dir='ltr'>mam</span> <span class='ocrx_word' id='word_1_565' title='bbox 186 4217 233 4264; x_wconf 86' lang='grc'><strong>0180</strong></span> <span class='ocrx_word' id='word_1_566' title='bbox 253 4216 355 4263; x_wconf 82' lang='lat' dir='ltr'>existere</span> <span class='ocrx_word' id='word_1_567' title='bbox 369 4213 469 4261; x_wconf 86' lang='lat' dir='ltr'>oratoris</span> <span class='ocrx_word' id='word_1_568' title='bbox 482 4213 508 4261; x_wconf 93' lang='lat' dir='ltr'>iu</span> <span class='ocrx_word' id='word_1_569' title='bbox 521 4213 645 4260; x_wconf 86' lang='lat' dir='ltr'>hominum</span> <span class='ocrx_word' id='word_1_570' title='bbox 658 4210 779 4260; x_wconf 88' lang='lat' dir='ltr'>mentibus</span> <span class='ocrx_word' id='word_1_571' title='bbox 789 4212 828 4259; x_wconf 85' lang='lat' dir='ltr'>vel</span> <span class='ocrx_word' id='word_1_572' title='bbox 843 4213 875 4259; x_wconf 90' lang='lat' dir='ltr'>ad</span> <span class='ocrx_word' id='word_1_573' title='bbox 884 4211 953 4267; x_wconf 88' lang='lat' dir='ltr'>iram,</span> <span class='ocrx_word' id='word_1_574' title='bbox 964 4220 1005 4261; x_wconf 89' lang='lat' dir='ltr'>ant</span> <span class='ocrx_word' id='word_1_575' title='bbox 1022 4214 1053 4260; x_wconf 86' lang='lat' dir='ltr'>ad</span> <span class='ocrx_word' id='word_1_576' title='bbox 1068 4214 1219 4270; x_wconf 70' lang='lat' dir='ltr'>adiument-</span> 
     </span>
     <span class='ocr_line' id='line_1_54' title="bbox 110 4275 1217 4349; baseline -0.002 -19"><span class='ocrx_word' id='word_1_577' title='bbox 110 4282 218 4330; x_wconf 88' lang='lat' dir='ltr'>dolorem</span> <span class='ocrx_word' id='word_1_578' title='bbox 228 4280 364 4334; x_wconf 88' lang='lat' dir='ltr'>incitandis,</span> <span class='ocrx_word' id='word_1_579' title='bbox 374 4280 412 4327; x_wconf 87' lang='lat' dir='ltr'>vel</span> <span class='ocrx_word' id='word_1_580' title='bbox 424 4279 454 4326; x_wconf 88' lang='lat' dir='ltr'>ab</span> <span class='ocrx_word' id='word_1_581' title='bbox 468 4278 535 4328; x_wconf 89' lang='lat' dir='ltr'>hisce</span> <span class='ocrx_word' id='word_1_582' title='bbox 544 4278 631 4326; x_wconf 89' lang='lat' dir='ltr'>iisdem</span> <span class='ocrx_word' id='word_1_583' title='bbox 642 4275 829 4342; x_wconf 85' lang='lat' dir='ltr'>permotionibus</span> <span class='ocrx_word' id='word_1_584' title='bbox 839 4277 869 4326; x_wconf 87' lang='lat' dir='ltr'>ad</span> <span class='ocrx_word' id='word_1_585' title='bbox 879 4276 1003 4325; x_wconf 73' lang='lat' dir='ltr'>lenitatem</span> <span class='ocrx_word' id='word_1_586' title='bbox 1012 4277 1217 4349; x_wconf 74' lang='lat' dir='ltr'>inisericordiam·¹</span> 
     </span>
     <span class='ocr_line' id='line_1_55' title="bbox 109 4345 722 4411; baseline -0.013 -17"><span class='ocrx_word' id='word_1_587' title='bbox 109 4362 158 4411; x_wconf 90' lang='lat' dir='ltr'>que</span> <span class='ocrx_word' id='word_1_588' title='bbox 168 4345 316 4395; x_wconf 86' lang='lat' dir='ltr'>revocandis.</span> <span class='ocrx_word' id='word_1_589' title='bbox 720 4364 722 4369; x_wconf 68' lang='lat'>,</span> 
     </span>
    </p>

    <p class='ocr_par' dir='ltr' id='par_1_19' title="bbox 1198 4437 1205 4463">
     <span class='ocr_line' id='line_1_56' title="bbox 1198 4437 1205 4463; baseline 0 0"><span class='ocrx_word' id='word_1_590' title='bbox 1198 4437 1205 4463; x_wconf 84' lang='grc' dir='ltr'>Ι</span> 
     </span>
    </p>
   </div>
   <div class='ocr_carea' id='block_1_19' title="bbox 0 0 1340 4636">
    <p class='ocr_par' dir='ltr' id='par_1_20' title="bbox 0 0 1340 4636">
     <span class='ocr_line' id='line_1_57' title="bbox 0 0 1340 4636; baseline 0 1"><span class='ocrx_word' id='word_1_591' title='bbox 0 0 1340 4636; x_wconf 95' lang='lat' dir='ltr'> </span> 
     </span>
    </p>
   </div>
  </div>
 </body>
</html>
