2670 4636
121 255 183 319 666
446 247 617 311 sonitu
645 248 887 312 consecutur
1115 253 1220 329 [orsa

518 400 543 445 6.
563 397 626 447 Uter
640 411 697 446 curn
712 401 819 462 uterque.

153 476 224 528 Alius
245 493 299 527 curn
315 480 419 540 16166616.
452 477 504 525 016.
521 479 554 526 nd
572 478 678 533 Qum.
694 477 711 529 Ι.
727 483 752 527 2.
770 493 808 541 ep.
825 482 866 528 11.
897 477 947 527 Sed
966 486 1031 528 utros
1042 475 1096 542 ejus
1105 476 1219 526 habueris

122 540 196 592 libros
212 543 345 609 (duoenim
359 550 416 591 suut
431 542 542 607 corpore)
552 556 583 590 66
595 550 707 606 utrosque
718 542 810 592 nescio.

385 613 401 648 '
529 639 545 668 ⁴¹
555 643 580 688 6.
601 641 701 698 Uter-,
712 669 753 697 -,
766 656 806 690 on.

155 722 243 771 016111
255 721 337 770 Goecil.
348 734 371 768 c.
384 724 422 769 16.
447 719 534 769 Utrum
547 720 644 768 1666666
655 734 739 770 censes
757 723 799 769 hos
811 721 906 786 judices
917 723 1012 785 gravius
1021 723 1084 772 ferre
1100 728 1217 785 oportere,

120 793 146 835 te
160 787 191 834 ab
204 786 310 833 illaesae
326 785 417 848 lesum,
435 800 465 832 sn
475 786 620 848 provinciam
640 787 747 835 siciliam
765 801 820 835 esse
841 796 952 836 vexatum
973 804 1001 836 66
1022 786 1162 852 perditam?
1181 786 1216 833 tt.

121 856 196 902 610.
220 850 279 898 Utra
294 859 332 898 est
349 850 514 912 splendidior?
537 857 592 898 utre
605 851 722 899 illustrior
739 855 946 902 commemoratio?
961 852 1073 902 scemari
1090 867 1155 908 eum,
1166 851 1216 913 qui·

122 932 178 965 cum
188 923 292 979 quaestor
305 915 410 963 luerem:
423 930 454 963 66
463 915 575 964 66666661
586 925 667 979 rogote
678 917 812 965 sociorum?

537 1009 553 1040 ‘⁸
563 1015 589 1061 7.
609 1012 805 1063 Uter-ne-crr.

157 1094 210 1144 016.
224 1098 240 1144 6
256 1093 324 1144 Vetr-
340 1110 362 1142 6.
373 1098 414 1143 st.
438 1092 523 1142 Utrum
541 1092 586 1140 tibi
604 1109 683 1141 sumes
701 1095 731 1142 66
747 1095 927 1143 defensionem?
944 1102 1043 1143 teutone
1059 1091 1160 1140 minoris
1175 1091 1214 1138 tibi

121 1158 233 1208 decernes
251 1158 395 1214 vendidisse,
409 1186 419 1197 -
431 1184 442 1194 -
453 1174 492 1213 sn,
504 1173 557 1206 curo
576 1172 663 1220 magno
682 1158 795 1206 decumus
815 1160 969 1216 vendidisset,
989 1170 1013 1208 te
1027 1158 1174 1221 expressisse
1188 1157 1214 1203 nb

121 1224 205 1273 invitis
225 1224 395 1287 Liparensibus
414 1224 474 1270 hene
494 1224 636 1284 pecuniam?
670 1224 710 1272 ld.
728 1228 744 1274 4
760 1225 827 1274 Verr.
846 1242 868 1273 c·
884 1231 924 1274 st.
943 1227 1030 1274 Utrum
1049 1232 1116 1270 esset
1133 1221 1214 1269 Siculis

121 1288 212 1345 utilius,
229 1291 309 1336 suisne
324 1288 409 1337 servhe
425 1302 457 1336 66
472 1288 563 1352 populo
583 1287 694 1335 Romano
716 1289 897 1352 obtemperare?
930 1290 997 1338 Add.
1018 1289 1215 1338 0166616164.

123 1355 191 1404 Idem
200 1368 243 1416 pro
254 1355 349 1403 chent.
356 1369 379 1401 6.
389 1356 430 1403 66.

229 1449 255 1475 ”
266 1456 289 1498 8.
310 1450 398 1500 Utrum
413 1448 465 1497 sine
484 1464 524 1505 un,
541 1449 580 1496 vel
595 1464 675 1515 necne,
692 1449 890 1514 quemadmodum
904 1451 984 1502 Greci
999 1450 1109 1514 πότερον.

155 1531 185 1580 Ρ.
199 1532 250 1580 Cic.
262 1534 276 1577 6
292 1531 361 1580 Verr.
372 1547 394 1578 c.
407 1534 447 1578 16.
462 1528 873 1592 16166666166666611661616116
885 1534 915 1580 de
931 1535 979 1580 tuis
990 1531 1136 1580 emtionibus
1148 1528 1214 1575 verbe

122 1596 216 1653 1661666,
227 1604 373 1657 etquenam,
386 1602 463 1643 unum
474 1596 569 1649 emeris,
586 1604 611 1642 et
628 1596 746 1658 quomodo
762 1598 883 1658 61666611
901 1599 1001 1646 emeris?
1035 1599 1077 1645 Id.
1096 1595 1122 1642 in
1136 1594 1212 1656 Topic.

122 1677 145 1711 6.
162 1666 187 1712 4.
207 1670 269 1710 extr.
302 1661 390 1709 Utrum
410 1659 481 1723 igitur
506 1661 619 1707 hactenus
640 1661 697 1709 sctis
714 1662 769 1709 est?
788 1661 843 1709 Tibi
862 1663 959 1726 quidem
974 1670 1025 1710 tam
1040 1667 1112 1708 scuto
1127 1666 1154 1706 et
1169 1668 1215 1705 tsrn

122 1734 248 1788 occupato,
261 1733 328 1788 puto.
344 1726 366 1773 is
382 1726 431 1773 this
441 1726 496 1773 theu
506 1724 620 1789 srtfficiem
628 1726 724 1785 cosor?
735 1725 839 1790 forycu,
851 1730 903 1776 who
914 1743 955 1777 ore
962 1743 987 1776 66
997 1732 1074 1780 66616,
1086 1726 1102 1772 Ι
1111 1724 1182 1774 think
1195 1722 1214 1771 it

122 1791 155 1839 16.
169 1793 206 1840 16.
217 1796 232 1840 2
246 1792 313 1841 Verr.
322 1807 344 1838 6.
351 1795 392 1840 69.
410 1794 448 1837 An
459 1789 505 1836 hoc
515 1791 593 1837 dicere
605 1790 720 1848 audebis5
738 1799 816 1838 utrum
825 1793 855 1838 de
865 1800 893 1843 16
901 1801 1014 1848 aratores,
1025 1800 1106 1838 utrum
1113 1789 1212 1850 denique

123 1856 198 1904 Siculi
207 1856 312 1903 universi
327 1855 388 1903 bene
405 1854 550 1911 existiment,
561 1854 591 1901 66
601 1870 652 1903 rem
661 1855 687 1902 id
695 1871 744 1903 non
756 1856 893 1919 pertinere?
916 1858 963 1906 Sed
974 1858 1014 1905 hic
1028 1871 1086 1904 usus
1095 1854 1170 1918 paulo
1179 1859 1214 1900 661

122 1934 204 1969 mter.

389 1989 414 2033 9.
435 1985 522 2033 Utrum
533 1999 588 2032 cum
598 1998 630 2032 cn
640 1985 680 2032 vel
691 2000 722 2034 66
731 2000 794 2043 sero,
805 1987 836 2034 66
847 1985 947 2035 duobos.

160 2065 247 2115 Utrum
266 2078 362 2112 cumen
377 2064 415 2111 vel
433 2077 463 2112 cn
476 2078 530 2113 cere
545 2078 608 2127 saepe
626 2062 713 2112 dicitur
731 2064 761 2112 de
778 2066 879 2116 duobus.
915 2067 1031 2115 016.1.1.
1052 2067 1122 2116 Fam.
1141 2080 1178 2128 ep.
1191 2067 1215 2113 7.

123 2130 231 2178 Multum
252 2131 316 2177 enim
333 2129 440 2184 interest,
463 2136 540 2176 utrum
559 2129 608 2176 luus
630 2129 789 2193 imminuetur,
810 2146 841 2178 66
862 2131 927 2180 66166
947 2131 1075 2181 deferetur.
1118 2129 1157 2179 16.
1167 2130 1182 2177 l.
1193 2133 1216 2179 7.

122 2211 158 2259 ep.
169 2200 208 2244 ts.
225 2194 310 2243 Utrum
323 2206 348 2242 te
364 2194 510 2256 superiorem
527 2193 705 2256 pecunislscit,
718 2210 748 2242 66
765 2198 862 2258 666616
879 2199 1005 2260 imperetur
1023 2197 1146 2244 consulit?
1178 2195 1216 2242 Id.

123 2259 178 2309 611.
190 2260 206 2311 l.
218 2262 257 2308 11.
269 2275 305 2323 ep.
316 2264 356 2306 56.
379 2258 409 2304 16
428 2266 508 2305 eutem
527 2265 607 2306 utrum
621 2257 781 2315 6116666661,
796 2276 827 2308 nn
844 2277 900 2308 vero
913 2262 1034 2317 simulent,
1054 2269 1080 2307 tu
1088 2259 1217 2321 intelliges.

123 2324 162 2373 ld.
172 2338 214 2386 pro
226 2324 298 2373 Font.
308 2339 329 2370 6.
342 2327 382 2373 14.
399 2321 486 2370 Videte
499 2322 583 2385 igitur,
593 2331 669 2370 utrum
681 2323 713 2371 sit
721 2325 821 2388 sequius,
833 2325 952 2375 hominem
961 2326 1154 2375 honestissimum
1162 2322 1216 2372 dedi

123 2387 300 2438 immanissimis
309 2386 453 2451 ustionibus,
464 2401 495 2434 en
508 2386 578 2434 reddi
591 2387 681 2435 amicis.

430 2487 470 2532 16.
490 2484 577 2532 Utrum
593 2483 624 2532 de
641 2485 756 2548 pluribus,
767 2502 904 2537 -oc—cn.

160 2568 248 2618 Utrum
263 2567 380 2615 interdum
398 2566 428 2613 de
446 2566 551 2629 pluribus
569 2565 665 2613 dicitur.
698 2568 750 2616 Cic.
765 2572 778 2617 l
796 2569 864 2618 Verr.
875 2585 897 2616 c.
914 2572 955 2619 41.
973 2569 1060 2617 Utrum
1073 2567 1214 2623 admonitus,

123 2647 154 2681 en
170 2639 284 2687 tentatus,
298 2646 329 2678 sn
345 2637 405 2694 (qus
417 2639 454 2678 est
466 2632 513 2678 1616
524 2631 653 2693 sagacitate
663 2631 689 2678 in
700 2633 739 2678 his
750 2633 832 2696 rebus)
843 2634 894 2682 siue
909 2634 1039 2695 66666116,
1056 2633 1109 2681 sine
1126 2633 1216 2692 indice,

122 2699 259 2762 pervenerit
277 2695 308 2744 ed
327 2699 387 2744 lmnc
403 2695 586 2758 improbitatem,
600 2697 688 2743 nescio.
706 2698 771 2746 lut
788 2699 858 2747 Verr.
870 2715 891 2748 6.
902 2703 943 2748 47.
963 2699 1048 2746 Utrum
1065 2700 1111 2746 hoc
1123 2699 1216 2760 signum

123 2762 279 2858 improbitatis
289 2769 344 2820 tuae,
353 2778 383 2809 nn
394 2768 509 2824 tropaeum
519 2761 702 2809 necessitudinis
709 2771 781 2825 61666
793 2764 897 2826 hospitii,
905 2779 935 2811 66
947 2766 1032 2811 umoris
1039 2763 1157 2811 indicium
1165 2777 1216 2809 esse

122 2829 235 2877 mlum·
525 2889 540 2918 '
553 2894 594 2938 11.
612 2891 699 2940 Utrum
711 2906 766 2941 cum
776 2907 813 2941 nc.

159 2972 240 3035 Nepos
256 2971 372 3035 Iplticrut.
389 2986 412 3018 6.
424 2975 447 3020 3.
467 2970 562 3018 Iseum
580 2971 772 3036 interrogaretur,
790 2979 870 3021 utrum
887 2974 962 3039 pluris
978 2979 1073 3038 petrem
1086 2981 1216 3021 matremne

124 3036 227 3085 laceret:
244 3044 353 3091 matrem,
362 3036 449 3099 inquit.

537 3097 600 3149 ⁸12.
621 3102 808 3153 Utntmne-un.

159 3183 212 3232 Cic.
222 3199 265 3245 pro
277 3183 363 3238 Quinc.
374 3198 395 3230 6.
406 3185 447 3230 66.
470 3180 506 3228 Ε6
515 3195 554 3228 res
564 3197 629 3229 nunc
642 3181 669 3228 in
687 3183 824 3232 discrimine
840 3194 956 3240 versatur,
973 3191 1084 3233 utrumne
1102 3185 1177 3247 possit
1193 3199 1217 3230 se

123 3258 205 3296 contra
219 3249 334 3295 luxuriem
352 3262 380 3294 66
394 3245 515 3293 licentium
525 3246 645 3293 rusticana
662 3247 704 3295 ills
722 3258 793 3311 61666
807 3251 899 3297 1666116
912 3249 1055 3313 parsimonia
1071 3249 1217 3307 defendere3

125 3328 156 3362 66
174 3313 304 3361 deformato
320 3320 391 3375 61666
402 3310 546 3359 ornamentis
558 3311 667 3358 omnibus
689 3312 790 3375 spoliata
804 3316 943 3377 petulantie
960 3313 1092 3362 addicatur.
1128 3315 1218 3363 Colum.

125 3380 142 3427 l.
154 3382 194 3428 11.
202 3394 223 3426 6.
237 3383 260 3426 1.
282 3376 452 3424 Ischomachus
469 3374 627 3423 Atheniensis
637 3383 734 3440 rogetus
745 3393 760 3425 6
770 3379 877 3436 Socrate,
887 3387 1005 3435 utrumne,
1017 3379 1038 3426 si
1048 3395 1087 3426 res
1096 3378 1219 3426 familiaris

124 3442 293 3499 desiderasset,
311 3443 411 3489 mercari
426 3440 532 3488 villicum
546 3448 658 3504 tunquam
675 3441 775 3499 februm,
791 3459 822 3491 en
840 3460 854 3493 6
869 3460 895 3492 66
910 3444 1035 3492 instituere
1052 3444 1203 3492 consueverit
1211 3460 1219 3503 ;

125 3524 172 3572 ego
187 3523 251 3564 vero,
269 3506 357 3570 inquit,
374 3506 428 3570 ipse
449 3505 560 3553 instituo.
594 3507 691 3556 Sueten.
711 3507 800 3556 Caescr.
812 3526 833 3557 6.
849 3513 890 3560 86.
917 3509 966 3565 Qui
982 3509 1083 3571 primum
1103 3508 1217 3564 66661611,

125 3582 232 3622 utrumne
243 3573 347 3620 illumin
358 3586 442 3634 cumpo
458 3585 502 3633 per
512 3570 607 3619 comitia
623 3572 698 3619 tribus
709 3572 740 3619 66
750 3572 861 3637 suffragia
874 3583 999 3621 vocantem
1016 3573 1124 3635 pertibus
1139 3573 1220 3620 divisis

125 3654 140 3686 e
160 3647 234 3703 ponte
256 3636 386 3701 dejicerent
406 3643 477 3698 atque
503 3643 629 3698 exceptum
650 3635 802 3695 trucidarent,
823 3653 854 3686 66
874 3639 900 3686 16
918 3653 984 3687 secra
1003 3639 1043 3687 rie
1062 3637 1219 3687 adorirentur.

125 3703 192 3753 Add.
204 3705 300 3753 Tacitus
312 3704 384 3752 0661.
393 3714 416 3750 6.
428 3704 458 3750 65
470 3704 548 3750 6167.

493 3795 508 3826 '¹
521 3800 560 3847 13.
581 3798 696 3848 Utrumne
705 3814 841 3849 -cn-un.

159 3881 264 3939 Quintil·
281 3881 300 3932 l.
310 3889 336 3928 et
346 3897 367 3931 c.
383 3884 407 3929 6.
418 3886 480 3928 extr.
506 3877 536 3925 Iu
554 3894 583 3926 eo
594 3881 675 3942 plures
690 3879 865 3942 dissenserunt,
877 3886 988 3929 utrumne
997 3881 1034 3928 he
1045 3886 1128 3945 partes
1137 3887 1220 3931 essent

123 3946 262 4004 rhetorices,
276 3961 308 3994 en
317 3945 427 4010 ejusdem
435 3959 516 4008 opere,
531 3959 562 3992 sn
572 3945 614 4008 (ut
624 3942 756 3993 Athenaeus
766 3945 855 4010 credit)
866 3946 992 3994 elementa.

427 4047 467 4093 14.
487 4043 685 4092 Utrum-necne.
719 4045 924 4093 Utrum-annon.

156 4124 337 4185 Nonnunquam
358 4128 436 4172 utrum
453 4139 507 4171 cum
525 4139 595 4173 66666
609 4124 650 4171 vel
668 4139 744 4174 66666
766 4125 900 4187 copuletur.
934 4123 986 4172 Cic.
997 4123 1014 4170 l.
1025 4128 1050 4172 2.
1068 4123 1138 4173 Fam.
1149 4140 1187 4188 ep.
1196 4130 1222 4175 7.

121 4189 179 4239 Nec
193 4189 323 4254 quicquum
338 4186 404 4234 eliud
422 4187 558 4236 decernitur
568 4191 611 4236 hoc
628 4190 702 4252 bello,
715 4190 763 4237 nisi
779 4198 858 4237 utrum
875 4190 958 4251 simus,
973 4203 1061 4236 necne.
1096 4191 1158 4238 Caes.
1168 4191 1185 4238 l.
1197 4196 1222 4240 1.

114 4258 151 4307 B.
164 4257 197 4308 G.
210 4273 232 4307 6.
243 4258 284 4306 50.
307 4254 403 4304 Matres
419 4253 526 4305 lumilins
540 4255 648 4303 sortibus
664 4254 831 4315 desistebunt,
842 4262 926 4300 utrum
938 4253 1048 4312 petrum
1061 4253 1179 4302 ssmmitt't
1192 4271 1224 4302 ex

107 4340 155 4375 usu
166 4332 243 4384 esset,
259 4340 351 4376 necne.
389 4318 476 4372 *Add
486 4322 528 4373 Id.
538 4320 558 4371 1.
568 4324 612 4371 11.
626 4320 697 4372 Fure.
708 4333 746 4381 cp.
754 4322 801 4367 16.
811 4325 838 4364 et
847 4316 986 4365 lhmh'tb·
994 4317 1067 4360 ete.
