2670 4636
187 254 248 315 teo
354 344 362 359 Ι
498 250 668 312 uoaaru
689 228 930 311 turiurum
1134 252 1281 330 [nacor

492 401 534 446 16.
552 398 748 462 Nattae-paim
764 397 978 462 natm-paim.
1196 458 1200 465 Ι

224 481 277 530 Cic.
287 479 342 529 Att.
352 480 370 527 l.
378 486 404 528 et
413 484 484 543 ep.·l.
501 478 617 528 Dieaiere
627 479 706 528 nullua
715 487 760 536 eat,
766 479 824 543 quin
833 480 874 529 hic
884 480 974 529 Satrius
981 479 1076 530 domurn
1087 480 1167 528 mea'nr
1174 474 1284 527 ventitet·

190 546 293 609 xercely
304 560 319 592 a
329 547 375 620 dep
397 611 402 620 Ι
427 559 464 594 aea
475 544 575 593 without
584 545 625 593 bie
634 546 723 608 calling
737 561 798 608 apem
808 560 853 595 me.
887 546 950 595 lota.
963 547 980 594 Ι.
990 551 1015 596 7.
1027 561 1063 609 ep.
1074 549 1115 592 15.
1130 543 1231 593 Nullum
1242 542 1283 590 ed·

193 609 369 736 huglinpepmier
405 625 451 665 em,
465 607 524 679 qpin
539 607 705 672 aliquidadte
716 608 837 658 literarum
853 611 941 658 darem.
975 610 1040 658 Add.
1053 611 1136 659 (ἔπεα
1144 607 1281 659 B.c.1.a.

194 689 216 723 c.
261 706 268 720 .
321 708 328 723 .

226 738 276 785 Cic.
288 738 304 785 l.
313 741 338 786 2.
352 738 423 787 Fam.
433 752 468 800 ep.
479 740 520 785 16.
546 736 622 785 Nulla
639 745 676 786 eat
692 739 816 794 acerbitas,
833 753 885 800 qoae
901 754 950 786 non
971 738 1081 787 omnibus
1097 736 1238 802 inpendere
1248 736 1283 783 ri·

192 802 285 851 deatur.
318 802 357 851 Id.
368 804 398 852 de
409 802 482 851 Proo.
495 803 565 851 Coae.
583 802 685 851 Nullum
695 803 785 852 bellum
795 804 866 851 civile
875 803 930 860 tuit,
941 803 1025 867 inquo
1036 819 1084 853 uon
1092 809 1138 852 cet.

614 963 728 1013 CAPUT
761 963 851 1014 CLVI.

570 1061 780 1122 DeAdoerbt'o
809 1060 912 1122 Num

484 1177 507 1223 l.
525 1172 867 1236 Namcuminterrogatione;
883 1188 939 1222 aum
948 1187 986 1222 aa.

227 1255 293 1304 Nun
310 1253 489 1318 interrogationi
503 1253 644 1318 plerumque
662 1252 743 1310 aerrit,
760 1261 786 1300 et
804 1244 855 1300 tum*
871 1251 941 1305 initio
960 1252 1055 1317 ponitur
1082 1258 1135 1299 tum
1155 1251 1288 1301 aub‘icitur.

147 1320 150 1334 ·
199 1321 251 1397 ca.
264 1320 283 1367 1.
298 1316 411 1369 anem
426 1335 448 1368 c.
460 1322 499 1367 ro.
516 1318 675 1366 Numeenser
692 1316 797 1394 nauum
816 1316 921 1367 uum?
938 1320 1029 1394 eppa
1040 1288 1111 1366 tiam
1128 1316 1184 1365 rara
1218 1319 1288 1392 nep

196 1381 325 1512 titt.
337 1382 440 1511 iipirii
445 1380 851 1510 fir‘f'rssisi‘ffliiiiiffgi?
848 1382 1004 1505 titii
1012 1379 1136 1495 titt}
1146 1380 1289 1509 tit-..321

231 1513 354 1561 Interdum
367 1512 478 1560 adsciscit
487 1527 525 1566 ac,
536 1511 702 1560 vehementius
712 1511 873 1574 interrogandi
881 1512 964 1574 gratia.
999 1512 1049 1560 cte.
1060 1511 1076 1558 l.
1086 1515 1112 1560 6.
1122 1510 1153 1559 dc
1165 1510 1226 1573 Rep.
1234 1526 1257 1558 c.
1266 1515 1289 1559 4.

198 1578 295 1627 Numne
303 1576 397 1641 aspicis,
406 1592 460 1640 qum
468 1575 496 1622 in
503 1576 593 1638 templa
603 1577 714 1624 renerio?
748 1577 785 1625 lu.
796 1577 813 1624 Ι.
825 1581 849 1625 1.
858 1591 902 1640 pro
913 1577 974 1626 Not.
985 1577 1020 1626 D.
1030 1591 1053 1624 c.
1060 1579 1102 1624 21.
1118 1574 1202 1623 Deum
1211 1576 1289 1640 ipeum

197 1658 286 1692 numae
298 1641 393 1691 vidisti?
410 1641 468 1691 iace
477 1657 524 1706 you
533 1656 587 1690 cuer
596 1656 650 1690 acea
663 1642 717 1690 God
726 1637 841 1702 timaei‘i
1270 1693 1272 1695 ,

530 1734 545 1765 “
555 1741 581 1785 2.
599 1737 665 1785 Nam
675 1743 729 1798 poat
738 1737 814 1793 uideo,
824 1750 902 1800 quaro
913 1745 960 1786 cet.

225 1821 284 1870 sse.
292 1832 336 1882 pro
345 1817 434 1866 Mutii·
443 1832 466 1865 c.
476 1819 501 1864 7.
517 1814 615 1871 Videte,
622 1830 680 1864 num
688 1815 843 1864 dubitandum
850 1817 919 1865 nobie
929 1817 968 1872 ait,
979 1816 1159 1872 omnietudioin
1166 1817 1193 1865 id
1201 1817 1292 1866 bellum

197 1885 344 1934 incumbere.
367 1882 448 1931 Liar.
458 1884 499 1929 42.
509 1896 531 1928 c.
543 1884 582 1929 19.
599 1887 658 1927 extr.
679 1881 809 1944 Speculum,
828 1898 885 1929 num
905 1882 1017 1930 solicituti
1032 1883 1106 1930 animi
1122 1883 1245 1931 sociorum
1262 1882 1292 1930 ab

197 1964 255 2012 rege
266 1947 356 1996 Perseo
365 1942 458 1994 ‘essent
493 1945 546 1994 Cia.
556 1944 582 1993 ia
598 1945 679 1995 Vatia.
687 1960 710 1994 c.
721 1950 745 1994 6.
762 1946 859 2003 Quaero,
878 1962 933 1994 nom
951 1954 979 1996 tu
994 1948 1093 1996 Senatui
1110 1962 1208 1997 caueam
1225 1955 1294 1995 tuam

152 2020 154 2025 '
198 2014 330 2078 permittat.
363 2011 509 2060 laueFot.
519 2026 541 2059 c.
552 2013 576 2059 8.

643 2106 660 2135 ³
671 2109 695 2154 a.
714 2106 843 2156 Numnam.

233 2192 327 2240 Terent.
344 2185 453 2236 naneae.
465 2190 489 2233 5.
502 2189 526 2233 5.
542 2184 564 2233 0
580 2184 686 2249 Jupiter,
704 2202 758 2250 que
774 2187 857 2234 iathaec
873 2177 943 2235 turba
960 2190 1012 2235 oet?
1028 2200 1138 2236 munnam
1152 2186 1200 2252 eg'o
1214 2189 1296 2252 perii?

197 2253 294 2368 ἵὶιιῖἴοῦ.
314 2250 462 2314 ta.Aaelpt.
472 2253 496 2297 8.
506 2254 530 2298 4.
547 2248 618 2306 Hem,
641 2265 755 2298 numnam
770 2251 822 2308 illa,
842 2267 931 2314 quaeao,
952 2253 1070 2316 parturit?
1103 2253 1188 2302 Puer.
1200 2255 1297 2304 cutem

641 2411 657 2441 ⁹
667 2416 692 2460 4.
711 2411 851 2460 Nam-ua.

234 2498 287 2547 cte.
296 2497 314 2543 l.
323 2498 349 2543 9.
361 2494 431 2544 Fam.
442 2507 478 2555 ep.
484 2495 525 2541 26.
537 2490 584 2539 Ille
592 2492 651 2540 baro
661 2499 687 2539 te
695 2485 794 2554 putabat
805 2492 968 2554 quaeeiturum,
979 2509 1037 2540 num
1044 2508 1120 2542 unum
1128 2498 1296 2554 coelumearet,

199 2558 428 2611 aniunumerabiiia.
460 2558 499 2606 Id.
508 2558 537 2634 de
547 2556 626 2606 Amic.
635 2573 656 2604 c.
667 2559 692 2604 8.
703 2563 729 2604 et
737 2557 755 2603 l.
767 2560 790 2605 l.
801 2559 830 2606 dc
844 2557 913 2606 Orat.
924 2573 947 2605 c.
956 2561 996 2606 52.
1007 2565 1032 2604 et
1046 2559 1065 2606 l.
1077 2561 1101 2606 8.
1112 2561 1141 2608 de
1155 2562 1210 2628 Off.
1221 2578 1244 2611 c.
1256 2568 1296 2613 13.

200 2624 502 2753 “i'iffiiititi
503 2652 560 2734 'cu
571 2686 600 2734 ae
611 2685 671 2747 urg.
681 2685 699 2732 1.
709 2689 735 2733 et
742 2700 764 2733 e.
776 2687 800 2732 a.
818 2685 948 2749 Numquid
960 2686 1070 2736 voram
1080 2688 1178 2737 uerear
1188 2690 1295 2754 paura?

199 2771 234 2806 an
244 2762 282 2805 ert
291 2755 335 2804 ille
349 2768 398 2802 uua
411 2751 487 2816 patria
498 2749 649 2799 communis?

224 2903 230 2913 p
522 2824 573 2897 ’5.
591 2848 657 2896 Num
665 2848 743 2910 igitar
754 2846 826 2894 aervit
833 2847 991 2910 occupationi.

235 2933 287 2983 Cio.
296 2933 368 2981 Brut.
380 2946 403 2979 c.
414 2933 453 2978 83.
480 2927 545 2975 Num
562 2929 643 2991 igitur,
659 2928 699 2990 qui
710 2930 754 2976 hoc
770 2926 865 2984 sentiat,
883 2929 904 2975 ei
917 2929 939 2975 ia
949 2936 1028 2992 potare
1038 2929 1106 2995 velit,
1123 2931 1154 2978 de
1172 2932 1239 2982 dolio
1251 2934 1297 2982 eibi

201 2996 355 3047 hauriendum
366 2995 452 3059 putet?
469 2993 580 3042 Minime.
612 2992 658 3041 Sed
670 2992 788 3055 quandam
798 2999 909 3056 sequatur
917 3000 1019 3043 etatem.

531 3090 546 3121 ³
556 3094 581 3139 6.
598 3090 664 3140 Num
673 3091 803 3155 respondet
812 3089 970 3153 occupationi.

236 3175 289 3223 Cic.
300 3174 359 3235 opt.
374 3173 436 3222 Gen.
459 3173 530 3221 orat.
546 3187 569 3219 c.
582 3177 606 3219 5.
629 3169 664 3218 At
684 3170 787 3234 loquitur
803 3170 894 3233 pulcre.
911 3171 975 3217 Num
997 3169 1089 3226 melina,
1111 3185 1186 3233 quam
1207 3173 1295 3221 Plato?

203 3237 336 3301 (Numerus
355 3244 455 3298 uterque
466 3236 504 3299 (5.
516 3235 553 3300 6.)
564 3242 601 3282 eat
614 3235 701 3282 inania.
733 3237 799 3285 Num
814 3235 841 3280 in
856 3242 940 3282 neutro
956 3234 1028 3283 afficit
1039 3236 1232 3300 occupationem.
1249 3237 1295 3286 Sed

202 3301 341 3366 aimpliciter
349 3300 500 3365 interrogat.)
707 3312 709 3318 ·

499 3395 513 3424 *
525 3397 550 3444 7.
568 3362 733 3457 Namquondo
744 3410 787 3458 pro
798 3409 854 3443 aum
862 3395 998 3458 aliquando.

238 3479 290 3529 Cic.
301 3476 327 3526 ia
338 3475 420 3526 Vatia.
431 3491 453 3524 c.
464 3478 488 3524 6.
505 3474 641 3522 Secundum
657 3489 686 3522 ee
701 3490 788 3538 quaero,
804 3490 862 3522 num
871 3477 966 3537 quando
982 3475 1026 3524 tibi
1036 3491 1126 3524 moram
1136 3478 1244 3526 attulerit
1255 3478 1296 3526 Se·

171 3579 174 3588 .
204 3551 283 3598 natue,
296 3556 343 3606 quo
352 3541 430 3588 minua
439 3540 566 3588 concilium
577 3539 704 3587 advocares
716 3541 838 3603 legemque
853 3540 933 3588 ferree.
965 3541 1027 3589 [(7.5
1038 3540 1147 3604 Philipp.
1157 3557 1181 3590 c.
1190 3547 1231 3592 11.
1246 3543 1296 3590 An-

203 3609 293 3671 tonius,
304 3607 324 3654 ti
334 3606 418 3669 legatia
429 3604 540 3669 paruerit,
553 3603 704 3667 Romamque
712 3604 819 3661 redierit,
830 3620 888 3653 num
897 3605 992 3668 quando
1002 3603 1105 3668 perditis
1120 3606 1214 3655 civiboa
1224 3608 1298 3655 vexil-

204 3676 263 3732 ium,
274 3689 323 3738 quo
338 3678 485 3732 concurrant,
497 3669 632 3718 defutumm
641 3669 748 3734 putatis?

544 3769 567 3814 8.
584 3766 711 3828 Numquis.
723 3778 839 3829 compute,
850 3767 972 3828 numquid.

142 3846 144 3850 '
242 3851 388 3914 Namfleaepe
399 3846 506 3912 jungitur
526 3862 581 3895 cum
598 3847 738 3910 pronomine
756 3847 818 3908 qaia,
834 3862 895 3908 quc,
908 3847 974 3908 quid.
990 3846 1085 3896 Terent.
1101 3848 1214 3897 Eaaact.
1231 3853 1256 3898 8.
1274 3854 1297 3896 5.

207 3913 273 3962 Num
291 3913 345 3976 quie
366 3911 404 3960 hic
423 3912 475 3959 eat?
491 3926 561 3959 nemo
579 3918 623 3958 est.
642 3911 694 3960 Cic.
704 3911 722 3956 l.
734 3915 774 3958 13.
784 3910 839 3960 Au.
850 3927 885 3974 ep.
894 3915 918 3958 8.
944 3911 996 3959 Dee
1013 3911 1085 3959 alicui
1107 3913 1241 3976 negotium,
1258 3912 1298 3978 qui

208 3986 307 4041 quaerat,
317 3991 375 4039 num
391 3976 446 4039 quia
459 3975 546 4023 fundus
555 3976 582 4022 iu
599 3975 745 4037 Pompeiano
757 3975 852 4023 Nolano
863 3976 953 4024 venalis
964 3975 1011 4024 eit?
1044 3977 1084 4025 Id.
1092 3990 1137 4039 pro
1156 3977 1240 4028 Deiot.
1249 3994 1271 4028 c.
1276 3981 1299 4027 7.

177 4038 179 4043 ’
209 4041 274 4090 Num
290 4056 343 4104 quae
352 4039 499 4103 trepidatio?
515 4055 573 4087 num
583 4039 625 4103 qui
635 4039 765 4088 tumultus?
781 4055 838 4090 num
849 4039 915 4104 quid,
926 4040 973 4089 nisi
981 4039 1120 4089 moderata?

410 4134 426 4164 ¹
437 4140 462 4184 9.
481 4134 749 4198 Numquid—prater,-
768 4138 1090 4202 eampumpraeterqoom.

241 4227 293 4280 cic.
309 4229 327 4276 5
346 4223 414 4276 Vera
427 4240 449 4275 c.
466 4227 507 4275 21.
524 4224 590 4272 Num
611 4223 670 4290 quid
687 4234 771 4289 praeter
792 4226 896 4289 singutas
914 4228 1023 4277 decumae
1044 4244 1074 4276 ex
1096 4227 1150 4291 lege
1171 4228 1300 4278 Hieronica
