2670 4636
67 208 261 287 otrannus]
436 203 494 266 DE
525 199 770 264 nannenus
789 209 847 263 ste.
1127 199 1164 258 57

65 385 129 436 mus,
150 371 193 435 qui
208 369 317 433 seqnitur
331 365 466 418 secundus:
484 368 528 416 red
544 367 566 416 ls
583 365 638 417 diss
653 366 781 430 vigesimus
800 363 899 430 prirnns.
918 355 952 412 V.
968 361 1030 426 lnpr.
1048 363 1123 411 Geso.
1140 361 1167 408 in

65 437 181 486 rnna.
195 436 257 484 adde
269 436 364 484 Duker.
375 433 406 480 ad
417 434 472 483 nto.
480 433 537 497 epit·
546 433 564 483 l.
576 432 694 497 491411.)

95 500 111 531 7
124 501 278 550 Faeololntss
288 501 339 548 haee
348 514 363 546 s
372 499 518 562 meprobnri
530 498 642 561 opinatus
651 505 696 545 est.
712 495 782 544 Falso
793 502 818 542 et
828 500 928 542 temere.
946 490 1026 542 Artior
1035 491 1126 552 dialoffi
1138 492 1168 540 de

64 571 126 614 orat.
134 581 157 614 c.
168 571 209 615 94.
232 564 305 613 Nono
319 564 415 613 decimo
429 563 506 610 etatis
524 577 587 610 anno
603 563 630 609 L.
642 562 740 611 Crassus
751 561 780 609 C.
789 559 928 614 Carbonem,
945 573 994 606 uno
1012 564 1037 605 et
1052 556 1167 604 vicesimo

65 630 149 678 Caesnr
159 630 322 683 Dolabellam,
333 630 407 677 altero
418 635 444 676 et
456 627 571 676 vicesimo
581 625 679 674 Asinius
690 626 769 674 Pollio
780 625 809 674 C.
820 624 939 673 Catonem
948 622 1011 670 -iis
1021 620 1169 669 orationibus

64 694 170 743 insecuti
180 704 246 750 sunt,
256 711 316 759 quas
331 695 452 757 hucusque
468 708 521 741 cunr
537 691 691 740 admiratione
702 691 812 753 legimus.
843 690 945 752 Eutrop.
953 688 971 734 l.
982 692 1007 734 5.
1017 703 1040 735 ο.
1054 690 1093 734 19.
1103 694 1167 734 extr.

65 747 269 824 Obiit'lrigesirno
286 767 312 807 et
328 759 403 808 altero
414 757 570 804 entismo.
591 757 608 804 t.
620 772 641 805 ο.
652 764 679 803 ut
690 755 789 805 Saeton.
808 755 870 804 Ner.
889 770 912 802 c.
923 758 965 801 57.
982 752 1052 799 Obiit
1062 749 1133 798 XXX
1143 759 1169 799 et

64 825 173 873 secundo
181 826 260 874 etatis
269 839 341 873 anno.
357 823 438 880 Quem
446 821 527 870 locum
534 823 666 885 Eutropius
676 820 727 870 sine
739 819 813 884 dubio
824 827 879 868 ante
890 819 972 868 oeulos
982 817 1075 866 habuit.

504 919 588 984 (Alter
598 918 623 966 in
633 917 737 983 plurali.

96 1002 171 1053 diter
180 1003 206 1051 in
225 1001 311 1066 plurali
328 1001 424 1050 additur
438 999 592 1049 substantivis
602 999 701 1064 pluralis
712 999 802 1048 numeri
814 1007 915 1056 tantum,
928 1005 956 1047 ut
971 997 1071 1059 raptim,
1089 996 1168 1046 literis

64 1067 121 1131 (pro
132 1068 263 1131 epistolis),
281 1068 324 1115 sed
338 1067 459 1116 interdum
475 1073 555 1115 tamen
566 1066 640 1113 etiarn
650 1066 712 1114 aliis.
735 1066 786 1115 cto.
797 1065 815 1113 l.
826 1071 850 1115 4.
866 1065 937 1114 Fam.
949 1079 985 1126 ep.
998 1067 1038 1112 14.
1059 1061 1166 1119 Quanam

51 1131 214 1209 »ternarum
229 1133 310 1181 alteris
321 1133 377 1180 milri
394 1129 517 1196 gratularis
526 1135 572 1180 eto.
590 1132 661 1179 Cart.
670 1131 688 1178 l.
701 1135 725 1180 8.
736 1145 758 1178 c.
769 1135 793 1179 7.
812 1127 902 1179 Castris
920 1128 999 1178 alteris
1015 1125 1167 1190 pervenitad

63 1198 192 1263 oppidum·
210 1199 264 1248 cta
275 1198 345 1248 mn.
354 1196 372 1246 l.
385 1204 410 1246 ὁ.
420 1203 483 1245 extr.
493 1195 578 1244 libros
589 1195 677 1245 alteros
687 1194 816 1262 quinque.)

502 1332 616 1383 csrur
640 1308 746 1382 xxva

136 1435 188 1496 De
206 1433 445 1494 Pronominllor
478 1433 529 1507 tl.
544 1433 752 1494 Arrnnurnn
772 1442 803 1494 ot
823 1439 838 1506 ς
854 1431 893 1492 11.
907 1433 1102 1492 Atrnnrus.

96 1533 111 1596 ς
122 1530 145 1578 Ι.
156 1535 181 1581 1.
194 1529 370 1590 Anrsnurrr3
379 1546 422 1580 one
431 1531 506 1590 rasile
517 1538 572 1586 troo,
584 1531 625 1580 tire
633 1546 676 1580 one
687 1545 715 1599 or
729 1514 857 1581 salerna.
876 1529 928 1579 Cic.
939 1529 956 1578 l.
965 1533 989 1578 8.
999 1531 1069 1579 Fam.
1080 1545 1116 1593 ep.
1127 1530 1167 1586 17.

62 1595 163 1645 Duellio
174 1595 351 1652 insudaveram,
365 1596 425 1644 utsi
436 1596 503 1643 robis
513 1596 643 1652 videretur,
654 1597 876 1644 alterutervestrum
887 1595 919 1642 ad
929 1609 968 1642 me
977 1595 1078 1642 veniret.
1097 1596 1137 1644 Id.
1148 1595 1166 1644 l.

63 1666 88 1710 9.
100 1661 159 1710 Att.
170 1676 207 1724 ep.
220 1664 260 1709 10.
276 1659 334 1708 Non
344 1660 438 1708 videtur
448 1675 478 1708 ea
488 1668 530 1708 tua
540 1660 644 1724 dignitas
655 1667 727 1724 atque
738 1660 808 1718 fides,
820 1665 939 1709 utcontra
949 1659 1096 1715 alterutrum,
1111 1675 1168 1709 eum

62 1725 158 1789 utrique
169 1727 202 1773 sis
215 1724 433 1787 conjunctissimus,
445 1741 509 1774 anna
521 1725 592 1773 ieras.
601 1725 670 1784 leli.
679 1730 703 1775 4.
717 1725 788 1775 Fam.
797 1741 833 1790 ep.
841 1730 865 1774 4.
882 1725 906 1772 Si
919 1725 1057 1772 alterutrum
1067 1740 1167 1772 neeesse

62 1791 105 1846 sit,
113 1789 196 1838 andire
204 1790 318 1846 earnalis,
325 1804 395 1852 quarn
404 1790 495 1840 videre.
528 1790 568 1839 ld.
577 1791 621 1854 pro
630 1791 741 1840 Marcell.
752 1806 775 1839 c.
786 1795 811 1840 7.
828 1790 854 1840 Si
861 1790 885 1838 in
894 1789 1008 1838 alterntm
1018 1790 1166 1853 peccandum

62 1855 104 1913 rit,
115 1855 200 1904 malim
210 1855 287 1904 videri
297 1855 368 1903 nimis
379 1855 486 1912 timidus,
499 1870 570 1918 quarn
583 1869 668 1919 parum
679 1854 794 1919 prudens.

446 1961 462 1991 7
473 1965 498 2009 2.
513 1943 639 2011 Alternter
649 1976 704 2009 cum
715 1963 786 2011 alter.

96 2040 180 2106 Nepos
191 2042 267 2091 Dion.
279 2056 302 2090 a·
312 2047 337 2092 4.
348 2041 483 2106 Dionysius
493 2041 608 2098 ostendit.
618 2057 643 2090 ss
653 2043 680 2091 id
691 2044 813 2107 utriusque
823 2043 902 2092 lacere
910 2056 991 2110 causa,
1002 2059 1033 2092 ne
1041 2061 1095 2093 cum
1104 2044 1167 2095 inter

61 2122 90 2156 se
100 2107 224 2162 timerent,
235 2107 350 2156 alteruter
359 2109 462 2157 alterum
471 2114 656 2173 praeoccuparet.

93 2203 109 2266 4
124 2203 162 2254 Il.
175 2209 200 2254 l.
211 2203 327 2256 Alternus
336 2205 366 2254 ab
378 2207 452 2256 altero
462 2206 552 2254 dietum
564 2214 609 2255 est.
643 2207 733 2256 Horat.
744 2207 762 2254 l.
774 2211 797 2256 l.
808 2209 846 2256 od.
856 2212 881 2257 4.
893 2205 996 2256 Alterno
1008 2215 1096 2256 terram
1106 2223 1167 2272 qna·

63 2267 130 2315 tinnt
146 2270 220 2331 pede.
230 2272 304 2321 elale
315 2271 355 2321 tlte
363 2274 459 2332 ground
470 2272 529 2320 witin
539 2271 722 2332 alternateseet.
729 2273 808 2322 -Plin
818 2274 837 2320 l.
844 2277 883 2322 1⁰.
895 2277 965 2322 ο.23.
976 2273 1055 2322 Grues
1065 2274 1166 2323 alternis

61 2333 168 2396 peuibus
177 2335 324 2385 insistentes.
332 2333 447 2398 standing
446 2337 508 2402 first
515 2352 545 2386 on
553 2351 596 2386 one
603 2339 644 2399 leg
655 2340 703 2386 and
714 2337 770 2386 tlea
778 2353 808 2387 on
819 2339 858 2387 tlte
866 2339 942 2387 otior.
973 2339 1025 2387 Cic.
1034 2352 1078 2402 pro
1088 2338 1166 2388 Arete.
1191 2374 1193 2378 ι

61 2413 86 2446 ο.
100 2401 142 2446 19.
160 2399 313 2463 Epigramma
326 2401 351 2448 in
367 2401 455 2466 Syllam
473 2402 564 2450 iecerat
579 2403 652 2450 malus
666 2403 743 2450 Poeta
757 2403 921 2451 tantummodo
943 2402 1039 2450 alternis
1060 2403 1167 2452 versibus

61 2463 231 2526 longiusculis.
247 2466 288 2515 Id.
298 2470 314 2515 4
331 2466 400 2516 Verr.
411 2471 486 2518 ars.
502 2467 604 2516 Senatus
614 2481 647 2516 ex
657 2467 738 2531 aliqua
747 2467 844 2518 civitate
856 2469 897 2532 qui
904 2467 1008 2532 judicet,
1021 2469 1171 2529 damarum,

62 2527 164 2575 alterum
174 2529 284 2579 civitates
294 2530 388 2596 rejectae
399 2535 467 2579 sunt.
517 2558 519 2561 ·
712 2549 715 2558 ⁵

97 2596 123 2640 2.
134 2593 245 2644 Alianis
255 2596 344 2652 οοτὶήο,
353 2598 452 2646 alternis
461 2597 570 2646 amellae
585 2603 621 2645 est
632 2599 706 2646 altero
717 2613 805 2660 quoqne
814 2598 892 2655 verto,
903 2599 978 2647 altero
989 2613 1078 2661 qnoque
1088 2613 1166 2647 vorem

64 2658 148 2706 Lini.
161 2661 185 2708 8.
203 2677 224 2708 c.
237 2664 276 2708 30.
300 2660 432 2717 Nunciant,
443 2661 581 2710 dictatorem
598 2661 693 2711 avidum
710 2677 784 2722 poenae
796 2664 889 2719 venire,
905 2662 1001 2711 alternis
1014 2677 1076 2724 pene
1088 2664 1167 2711 verbis

61 2722 92 2769 Τ.
107 2721 196 2770 Manlii
216 2726 280 2773 tanta
295 2726 440 2774 laudantem.
452 2729 537 2776 almost
553 2733 580 2776 ot
596 2743 664 2792 every
679 2727 748 2776 oller
758 2731 831 2776 word.
850 2728 902 2776 Cio.
922 2728 939 2774 l.
958 2732 983 2776 4.
1002 2728 1072 2776 Τοοο.
1090 2743 1113 2773 ο.
1125 2731 1166 2775 36.

62 2786 173 2835 Alternis
195 2791 300 2838 versibus
310 2789 477 2854 intorquentur
492 2792 553 2840 inter
569 2793 653 2841 iratres
668 2792 810 2855 gravisdmae
825 2791 984 2842 contumelia.
1001 2793 1042 2841 tlte
1060 2792 1167 2842 brothers

62 2853 180 2915 reproaelt
189 2857 247 2904 eaelo
256 2855 324 2904 ottrer
331 2856 357 2904 in
367 2859 484 2905 alternate
494 2872 580 2906 verses
620 2861 623 2867 ’

96 2920 122 2964 9.
132 2917 242 2968 Alternis
250 2919 335 2968 diebus
343 2920 373 2982 (7
380 2921 465 2970 [tinias
474 2922 492 2968 l.
501 2926 526 2971 4.
537 2938 559 2969 ο.
566 2926 628 2985 aa),
635 2921 734 2970 alternis
741 2920 872 2986 mensibus,
882 2921 981 2972 alteruis
988 2921 1056 2970 annis
1064 2920 1093 2985 (7
1100 2921 1168 2972 idem

64 2982 82 3029 l.
95 2986 121 3030 7.
133 2997 156 3030 ο.
166 2983 213 3046 L).
226 3000 296 3048 every
305 2986 374 3034 other
383 2989 438 3050 day,
451 2987 541 3041 monti,
552 3002 618 3049 year.

80 3096 84 3101 ,
98 3051 124 3096 4.
135 3046 246 3098 Alternis
255 3049 455 3106 adverbiumhinc
466 3051 519 3098 fluit
525 3067 532 3110 3
540 3051 684 3115 intelligitur
690 3051 752 3099 enim
759 3051 858 3109 niellus,
870 3059 912 3100 aut
917 3051 1008 3116 aliquid
1015 3049 1167 3116 ejusmodi.¹⁰

68 3111 160 3173 Vergil.
172 3114 226 3161 Eol.
234 3116 258 3161 9.
270 3130 296 3160 v.
304 3119 345 3163 59.
362 3114 470 3164 Alternis
478 3117 571 3164 dicetis.
585 3119 624 3165 la.
635 3118 652 3164 l.
664 3120 688 3168 1.
702 3118 792 3178 Georg.
801 3133 825 3164 v.
833 3122 874 3166 79.
890 3116 1083 3166 Altemisfacilis
1092 3117 1164 3165 labor.

63 3176 88 3224 is
98 3191 164 3240 easy,
179 3179 266 3243 {stirey
276 3180 321 3228 toll
329 3181 479 3244 alternately.
501 3183 585 3230 Cicero
594 3181 700 3232 vicissim
715 3181 777 3230 solet
787 3181 874 3231 dicere.
893 3183 908 3213 7
922 3184 998 3233 Varro
1010 3184 1040 3232 de
1051 3183 1084 3231 R.
1103 3183 1134 3231 lt.
1150 3183 1165 3230 l.
1234 3192 1236 3197 ⁴

64 3243 91 3290 3.
103 3257 126 3290 c.
135 3245 178 3290 16.
199 3243 255 3294 Lio.
271 3243 289 3293 l.
300 3251 327 3292 et
337 3260 359 3292 ο.
370 3251 395 3295 2.
405 3248 430 3299 'et
440 3246 458 3292 l.
467 3250 492 3295 4.
504 3263 527 3294 ο.
538 3249 579 3295 49.
622 3264 626 3270 ¹

355 3342 371 3372 7
381 3347 406 3390 δ.
417 3330 635 3412 Alterni-alterni
645 3360 693 3393 non
702 3345 890 3409 improbandum.

101 3421 197 3472 Plinius
211 3422 318 3486 geminat
328 3424 375 3471 hon
387 3437 472 3470 nornen
485 3424 537 3470 18.
549 3439 571 3471 ο.
584 3427 624 3472 27.
637 3424 737 3488 Hymnis
746 3435 871 3489 utramque
882 3442 937 3474 esse
953 3435 1070 3481 naturam,
1089 3435 1114 3474 et
1131 3430 1166 3477 al-

63 3487 141 3535 ternis
159 3487 228 3536 annis
237 3503 323 3544 names,
334 3487 431 3536 alteruis
446 3488 552 3536 terminas
562 3489 622 3545 fieri,
633 3491 718 3550 vulgus
728 3491 812 3538 credit.
836 3493 875 3539 ld.
884 3493 901 3538 l.
912 3495 951 3538 18.
963 3508 984 3539 c.
995 3496 1035 3540 32.
1053 3487 1124 3542 Ι.ιι“ηι
1132 3495 1168 3542 al·

64 3552 141 3601 ternis
151 3553 273 3601 mensibus
290 3553 386 3614 triginta
396 3552 507 3616 implebit
520 3569 637 3610 numeros,
655 3555 753 3602 alternis
762 3571 819 3603 vero
835 3555 945 3603 detrahet
958 3558 1072 3619 singulos.
1103 3560 1166 3611 Cels.

63 3617 153 3733 kae.
165 3621 207 3666 18.
216 3617 323 3667 Alternis
334 3618 419 3667 diebus
430 3632 508 3680 aqua,
526 3619 624 3668 alternis
636 3619 689 3666 lere
707 3627 732 3668 et
744 3628 865 3670 austerum
881 3621 960 3669 vinurn
978 3621 1106 3669 bibendum
1121 3631 1166 3671 est.

127 3699 150 3732 a
161 3683 296 3746 operario.

359 3781 375 3811 7
386 3785 411 3829 6.
422 3781 546 3838 Alternus,
560 3797 602 3844 pro
614 3781 680 3831 ambo
691 3782 818 3831 Poetirum
825 3791 870 3832 est.
1119 3803 1132 3834 a

101 3861 229 3911 Claudiae.
243 3862 311 3912 Prol.
329 3865 356 3911 ln
369 3864 452 3913 Mallli
469 3863 693 3912 Timum-Consulem
707 3864 844 3930 ¹Parnassus
853 3865 962 3930 geminos
977 3867 1051 3914 fertur
1057 3867 1168 3930 junxisse

64 3924 420 3983 volatus,'Contutitalte1nas
438 3927 538 3993 Pythius
549 3929 677 3976 anisaresz
1131 3930 1145 3969 ’,

78 4117 83 4127 ’
100 4128 123 4160 ¹⁰
133 4128 275 4180 sardonias
287 4132 395 4195 Compos.
407 4134 447 4178 81.
465 4131 519 4180 Hoc
529 4130 730 4181 medicamentum
741 4131 821 4194 solvit,
832 4133 903 4179 tertio
911 4141 1023 4196 quartove
1034 4135 1081 4190 die,
1092 4137 1113 4183 si
1120 4152 1168 4184 non

67 4196 252 4258 suppuraverint
263 4207 372 4245 strumae:
391 4196 435 4244 sed
445 4197 465 4244 si
474 4204 563 4262 apertae
572 4198 668 4256 fuerint,
676 4199 756 4248 hieme
765 4198 960 4258 alternamento
971 4201 1087 4263 quotidie.
1104 4201 1170 4264 Erga

67 4269 178 4324 apparet,
189 4261 273 4313 dietus
282 4261 322 4311 hie
333 4259 473 4312 desiderari.

135 4327 206 4376 llere.
1078 4326 1106 4374 11
