2670 4636
119 289 197 365 sto]
454 293 510 351 un
538 293 853 354 menenensis.
1154 295 1213 354 299

108 423 261 512 *defenderit-
274 436 327 485 wlco
338 439 414 487 166616
424 443 465 487 nat
475 438 502 487 in
514 440 566 495 tbat
577 440 636 488 baar
646 442 674 500 os
683 442 776 503 inriget
793 442 851 490 bace
860 440 980 503 protectos
996 456 1032 489 nte
1043 446 1066 489 ta
1079 441 1117 489 ibe
1128 444 1216 488 nemost

116 501 200 614 oslips
209 516 367 613 1Ιῖ0111161616
837 534 841 546 =

429 633 480 681 Pro
492 633 640 694 temporibus,
654 648 698 696 pro
709 634 744 681 rei
756 637 901 683 necessitate.

154 711 206 758 Cic.
216 712 234 756 l.
247 715 270 759 8.
281 709 336 758 Art.
347 726 382 772 ep.
395 713 522 772 6616611
538 721 580 759 tua
590 714 698 769 consilia,
710 722 824 761 ettamen
836 730 878 778 pro
890 714 1035 775 temporibus
1051 729 1098 759 non
1110 713 1214 769 incauta,

115 775 403 837 mihireldeprabantur.
437 780 519 826 Ceasar
530 779 563 825 B.
576 779 608 824 G.
622 779 638 823 l.
650 783 674 825 7.
685 795 707 826 6.
718 783 759 826 66.
780 782 828 842 §ab
862 778 932 827 Vada
943 794 986 840 per
998 779 1091 840 equites
1107 779 1215 833 invento,
1247 837 1249 845 Ι

116 854 161 901 pro
171 841 205 887 161
216 840 359 888 necessitate
369 851 511 903 opportuno,
524 843 669 890 incolumem
681 844 815 890 exercitum
825 843 960 890 transduxit
969 843 1058 891 Caesar.

476 959 515 1003 11.
533 956 585 1004 Pro
595 971 655 1010 nnec,
668 963 717 1010 tna,
730 971 773 1004 saa
781 962 858 1017 parte.

150 1033 213 1080 Item
222 1034 266 1081 1116
273 1049 318 1097 pro
332 1051 392 1090 mea,
410 1040 459 1090 tna,
477 1050 521 1084 sna
528 1041 606 1097 parte,
625 1037 671 1083 6116
685 1036 811 1099 ejusmodi.
840 1037 891 1085 Cic.
902 1036 919 1082 l.
931 1040 954 1082 5.
970 1034 1082 1097 Fomep.
1093 1038 1117 1081 2.
1139 1033 1173 1081 Ut
1184 1034 1218 1082 ita

117 1096 194 1152 fieret,
206 1114 249 1161 pro
270 1115 321 1146 men
333 1107 409 1162 parte,
427 1099 517 1162 adjuvi.
536 1101 553 1148 1
562 1102 663 1149 assistent
675 1106 699 1148 to
710 1103 749 1148 tbe
766 1102 816 1150 best
827 1102 856 1160 af
866 1116 905 1163 my
916 1115 994 1162 power
1004 1101 1031 1148 in
1042 1100 1157 1160 bringing
1168 1100 1217 1148 tbie

116 1163 196 1210 about.
207 1163 300 1226 1661..
315 1164 377 1212 Sall.
395 1180 416 1210 c.
430 1167 453 1210 2.
470 1165 568 1219 Omnes,
580 1164 621 1226 qui
633 1165 726 1219 adsunt,
737 1181 780 1228 pro
796 1181 839 1212 666
854 1174 922 1226 parts
934 1172 1006 1227 atque
1018 1165 1153 1217 6616111616.
1173 1165 1216 1210 de-

90 1238 93 1245 '
116 1226 226 1276 iendunt.
260 1229 299 1276 Id.
312 1229 328 1274 l.
340 1232 363 1276 1.
377 1230 446 1277 Tasc.
458 1244 479 1275 c.
489 1234 531 1276 45.
548 1229 620 1276 Cives
629 1245 671 1292 pro
681 1245 724 1276 sue
734 1230 844 1292 quisque,
857 1245 871 1276 6
882 1229 968 1290 quibus
979 1229 1090 1282 lenietur.
1101 1228 1215 1275 facultate

116 1299 195 1353 parat.
211 1308 280 1357 eoery
292 1308 335 1342 one
345 1296 473 1354 according
484 1298 508 1341 to
517 1294 554 1341 bis
564 1295 659 1356 abibity.
693 1295 733 1343 16.
744 1295 761 1341 l.
774 1298 814 1342 12.
826 1296 895 1345 Fam.
908 1299 993 1357 6613.
1018 1295 1082 1342 Volo
1091 1307 1135 1339 vos
1147 1306 1216 1354 paene

117 1370 221 1417 sperare,
235 1364 260 1404 et
272 1357 454 1419 rempublicam,
473 1365 498 1403 ut
513 1367 538 1404 61
549 1359 655 1405 16616116
666 1358 816 1421 expediistis,
830 1360 865 1406 116
875 1375 921 1421 pro
935 1367 1017 1406 666116
1029 1366 1095 1421 parte
1107 1358 1216 1404 celeriter

116 1420 165 1468 iter
174 1421 243 1468 nabis
255 1423 362 1484 expediri
372 1438 440 1484 posse
453 1421 579 1470 confidere.

538 1531 577 1574 12.
594 1529 645 1576 Pro
657 1544 682 1578 se
693 1530 798 1592 quisque.
826 1552 828 1557 ·

152 1609 238 1657 Pnaae
253 1609 349 1671 quisque
366 1609 432 1655 idem
447 1616 492 1662 est,
509 1605 572 1667 6666
586 1623 631 1668 pro
642 1623 685 1656 sna
701 1610 796 1670 ynicyne
805 1613 884 1670 parte,
902 1608 998 1671 (amnes
1016 1621 1043 1653 66
1060 1606 1145 1668 singuli
1164 1608 1216 1653 sins
1300 1661 1303 1665 ,

117 1673 281 1735 exceptione).
317 1675 369 1722 Cic.
387 1674 404 1719 1.
415 1678 439 1719 3.
451 1676 479 1720 de
494 1671 545 1735 Off.
565 1688 586 1720 c.
598 1677 638 1721 14.
659 1674 705 1720 Ρ16
721 1689 747 1719 66
762 1674 874 1734 6616666,
891 1672 955 1734 6666
973 1678 1079 1731 ceperat,
1096 1671 1219 1718 efferebat.

116 1752 187 1800 every
204 1753 247 1787 ane
259 1738 362 1798 brought
380 1738 444 1785 tabat
455 1738 507 1800 flsb
524 1736 552 1784 be
569 1737 617 1784 bad
633 1737 730 1796 cangbt.
762 1738 826 1784 161
843 1738 909 1785 Vcrr.
922 1753 942 1782 6.
952 1739 992 1784 26.
1008 1735 1055 1781 Pro
1074 1735 1217 1796 aequisque

118 1817 201 1848 manus
211 1802 288 1849 611611.
305 1817 373 1864 every
381 1808 452 1862 gnest
464 1802 553 1850 bearsa
563 1807 617 1862 part
629 1802 654 1848 in
663 1803 702 1849 tbe
708 1807 806 1850 contest.
823 1801 878 1848 Lin.
890 1802 907 1847 l.
916 1805 957 1848 26.
969 1816 991 1846 6.
1002 1803 1044 1848 36.
1061 1800 1108 1845 Pro
1120 1815 1145 1846 se
1154 1802 1217 1862 quis-

117 1881 165 1928 que
176 1882 267 1922 aarum,
279 1874 411 1929 argentum,
425 1873 451 1913 et
461 1882 501 1922 aes,
511 1866 537 1912 in
547 1866 671 1928 publicum
681 1866 812 1913 conferunt.
830 1866 844 1894 *
854 1865 919 1913 Α66.
933 1867 1028 1914 Terent.
1039 1864 1129 1912 Heant.
1141 1867 1164 1911 1.
1178 1867 1201 1911 1.

530 1983 569 2028 1³.
588 1980 639 2028 Pro
650 1980 801 2042 viriliparte.

151 2061 203 2110 Pro
212 2061 279 2110 virili
287 2066 356 2123 parte
367 2068 403 2107 est
412 2076 456 2122 pro
468 2075 501 2113 ea,
515 2064 628 2121 qnantum
639 2074 701 2107 anas
711 2059 749 2108 vir
758 2065 845 2121 potest.
870 2060 922 2107 Cic.
930 2072 974 2122 pto
986 2059 1056 2108 Sext.
1067 2075 1088 2105 c.
1099 2063 1139 2107 66.
1157 2058 1216 2114 Hmc

116 2127 158 2189 qui
170 2141 211 2188 pro
222 2126 283 2174 virili
293 2131 360 2188 parte
372 2124 513 2172 defendunt.
533 2124 569 2171 111.
583 2126 613 2170 13
625 2124 717 2188 Pbiiip.
730 2140 752 2172 c.
765 2129 789 2173 4.
807 2125 851 2170 Μ6
860 2123 947 2186 Lepidi
956 2125 1073 2170 beneficio
1081 2125 1137 2186 plus
1146 2139 1216 2185 quam

116 2204 162 2253 pro
174 2191 237 2237 virili
248 2200 315 2253 porte
325 2191 453 2251 obligatum
465 2195 534 2249 puta.
549 2202 613 2235 more
623 2189 680 2236 tban
690 2190 735 2248 sor
745 2204 783 2252 my
796 2204 847 2237 awa
858 2194 930 2252 part3
947 2204 1010 2236 neore
1021 2189 1079 2238 titan
1090 2201 1117 2236 as
1131 2204 1162 2237 nn
1179 2189 1218 2236 in·

116 2255 235 2304 61616661.
269 2252 738 2303 ’.166111613.6.71.611.616.7.
831 2303 834 2307 ,

151 2319 224 2367 ⁴'Huc
239 2319 304 2366 16161
320 2319 379 2365 11166
396 2318 472 2366 Matii
488 2318 552 2379 apud
574 2317 625 2365 Cic.
642 2317 659 2366 l.
672 2321 711 2366 11.
730 2320 800 2368 Fam.
811 2334 846 2381 ep.
860 2322 900 2367 28.
927 2318 1066 2381 1161166616
1078 2317 1140 2364 virili
1150 2325 1218 2379 purte

117 2384 238 2447 rempubl.
250 2384 316 2447 opud
325 2383 387 2430 velle
399 2383 495 2430 salvam.

582 2481 760 2544 (Admonitia.)

120 2606 123 2610 .
152 2562 203 2610 Pro
218 2562 285 2610 virili
297 2566 374 2624 parte,
387 2575 407 2606 s.
415 2576 459 2623 pro
475 2561 556 2609 virili:
572 2562 709 2608 nemetiam
726 2562 820 2628 6166161
831 2562 928 2623 ellipsin
939 2561 1042 2608 dicitur:
1061 2561 1154 2624 proprie
1171 2569 1216 2616 est,

116 2626 270 2689 quantumin
279 2642 351 2672 unum
363 2625 439 2672 vimm
449 2624 571 2681 convenit,
587 2634 702 2687 quantum
713 2641 776 2673 uuus
787 2626 859 2673 debet
868 2643 875 2685 3
886 2626 930 2685 sor
939 2641 979 2689 my
991 2641 1043 2674 acan
1050 2632 1108 2688 part
1114 2642 1124 2682 ;
1140 2627 1218 2684 assor

114 2692 172 2739 661
180 2708 219 2740 am
228 2693 354 2739 cancerned
364 2692 466 2753 merely:
482 2704 530 2736 non
542 2692 607 2752 quod
618 2691 705 2737 6161161
712 2706 756 2752 pro
764 2691 862 2745 viribus,
874 2691 1053 2752 quocumvulgo
1062 2690 1217 2750 permiscetur
1239 2708 1245 2719 ·

115 2771 166 2802 non
183 2757 256 2803 bene.
288 2755 321 2802 Et
330 2756 365 2801 sic
380 2754 545 2816 accipiendum
563 2762 606 2801 est
616 2756 688 2802 stiam
705 2756 730 2800 in
744 2755 859 2816 exemplis
873 2757 1008 2818 propositis.
1041 2755 1080 2801 Sic
1092 2770 1115 2799 v.
1127 2771 1150 2815 p.
1162 2770 1215 2801 cum

119 2821 204 2869 Cicera
215 2819 287 2867 dicit:
306 2821 337 2866 Se
354 2819 471 2866 beneficio
487 2819 574 2881 Lepidi
583 2820 638 2880 plus
650 2835 722 2882 quam
733 2834 776 2880 pro
786 2819 852 2865 virili
863 2827 929 2879 perte
945 2819 1083 2881 obligatum.
1101 2817 1124 2866 11.
1136 2834 1156 2868 e.
1167 2833 1215 2865 nan

115 2885 198 2941 moda,
210 2886 286 2947 quaed
301 2885 325 2930 16
336 2884 479 2931 beneficium
498 2883 529 2930 66
547 2899 572 2930 66
589 2898 684 2946 666666
703 2884 830 2946 pertineat,
846 2899 893 2930 nou
911 2883 982 2931 modo
998 2899 1041 2930 suo
1056 2885 1161 2937 nomine.
1173 2883 1215 2930 sed

115 2951 232 2997 omnium.
248 2949 377 3010 Perspicua
387 2964 426 2995 res
437 2956 474 2994 est
485 2964 512 2994 ex
527 2948 566 2994 his
581 2948 650 2994 locis.
687 2948 762 2996 Cice
779 2950 849 2999 Verr.
867 2964 889 2996 c.
901 2954 925 2998 6.
944 2949 992 3004 Qui
1011 2948 1143 3010 presertim
1161 2949 1216 3009 plus

115 3015 199 3069 etiam,
216 3029 285 3076 66616
302 3013 696 3076 666111111666116161666616616
708 3012 815 3063 debeam.
841 3013 904 3061 lbid.
918 3014 934 3060 l.
945 3018 969 3061 6.
983 3015 1052 3062 Fam.
1064 3028 1100 3074 ep.
1112 3015 1152 3060 38.
1171 3012 1216 3059 Est

115 3079 263 3143 6116661666
273 3081 325 3140 pari
343 3077 425 3133 virilis,
437 3077 501 3139 quad
512 3077 563 3142 ejus
574 3077 677 3124 civitatis
688 3092 741 3124 sum
751 3084 796 3126 etc.
828 3078 881 3126 Lio.
892 3080 909 3127 l.
921 3084 944 3126 5.
958 3095 980 3126 6.
993 3082 1031 3124 11.
1048 3078 1118 3125 111166
1132 3077 1213 3140 gloriae

116 3160 174 3207 pars
185 3143 260 3191 virilis
274 3143 337 3205 apud
353 3157 436 3189 omnes
447 3142 534 3190 milites
547 3150 592 3189 est.
627 3142 689 3189 Add.
701 3145 798 3191 Ernest.
811 3145 878 3191 Clas.
895 3145 946 3192 Cic.
963 3145 986 3189 in
997 3143 1085 3191 virilis.

497 3248 511 3276 ⁴*
526 3252 564 3298 14.
582 3249 633 3297 Pro
644 3249 712 3297 cirili
722 3250 837 3312 portione.

152 3330 231 3379 Tacit.
243 3330 312 3378 Hist.
324 3328 339 3375 l.
355 3332 379 3376 3.
391 3345 413 3376 c.
424 3332 465 3376 20.
477 3331 491 3393 b
503 3332 528 3375 2.
546 3329 667 3376 Antonius
679 3331 834 3386 demonstrat,
845 3338 873 3377 61
888 3347 930 3392 pro
943 3332 1007 3378 virili
1017 3330 1126 3394 portione
1144 3329 1213 3376 armis

116 3412 145 3444 ac
157 3410 230 3443 manu
241 3394 362 3442 victoriam
369 3393 469 3456 juverit.
500 3393 567 3440 Arld.
578 3395 652 3453 61666.
664 3395 726 3456 Agr.
738 3413 758 3442 c·
769 3400 810 3444 45.
821 3398 834 3459 6
847 3403 870 3443 5.
888 3433 891 3441 .

323 3504 363 3548 15.
380 3500 430 3547 Pro
437 3500 554 3562 portione,
564 3513 606 3561 pro
617 3504 672 3548 rata
684 3501 803 3561 portione,
812 3516 855 3564 pra
866 3507 921 3550 nata
931 3507 1008 3562 parte.

138 3583 203 3630 'Pro
220 3580 328 3642 portione
343 3579 408 3625 idem
426 3585 470 3632 est,
482 3577 547 3639 6666
562 3593 606 3640 pro
625 3583 679 3626 rata
692 3581 801 3639 por-tinne
811 3582 849 3626 vel
858 3587 935 3641 parte.
971 3581 1022 3628 Cic.
1034 3579 1088 3628 1.’2.
1100 3582 1128 3627 ae
1142 3575 1213 3628 0161·Ι

115 3665 138 3696 6.
150 3652 193 3696 79.
209 3644 257 3692 Sed
268 3651 370 3706 oportet,
381 3650 409 3689 ut
426 3643 517 3689 aedibus
535 3657 563 3689 66
578 3643 675 3703 templis
687 3644 804 3689 vestibula
815 3653 839 3690 et
853 3642 940 3708 661166,
957 3644 990 3690 sic
1001 3644 1080 3690 causis
1095 3644 1212 3707 principia

114 3727 158 3775 pro
176 3710 285 3773 portione
303 3724 382 3757 rerum
401 3722 549 3771 preponere.
582 3705 649 3757 Aac.
663 3707 718 3754 Lis.
731 3709 748 3754 l.
760 3712 799 3757 34.
811 3724 832 3755 6.
843 3711 883 3756 60.
902 3717 927 3756 et
945 3710 997 3757 Cic.
1015 3711 1030 3756 3
1047 3709 1115 3756 Verr·
1132 3723 1154 3754 c.
1166 3710 1212 3755 21.

115 3785 142 3824 61
149 3791 195 3840 pra
204 3776 285 3824 Flacc.
297 3789 318 3820 c.
331 3777 372 3821 14.

148 3882 189 3930 16.
199 3883 218 3929 l.
228 3885 252 3929 6.
264 3883 293 3928 cle
305 3881 366 3942 Rep.
384 3896 404 3926 6.
420 3883 443 3925 5.
461 3879 508 3926 liic
522 3885 559 3924 661
568 3879 609 3924 1116
624 3892 705 3933 sonus,
721 3879 762 3940 qui
774 3879 905 3926 intervallis
920 3878 1059 3941 conjunctus
1077 3877 1213 3939 imparibus,

113 3948 160 3996 666
171 3955 252 3993 161666
263 3960 304 4008 pro
314 3953 366 3992 rata
376 3945 484 4006 portione
495 3943 622 3997 distinctis,
635 3942 739 4005 impulsu
751 3953 775 3990 et
786 3953 853 3990 motu
863 3945 966 4006 ipsomm
977 3942 1069 3989 orbium
1079 3943 1213 3991 coniicitur.

117 4014 202 4061 Goeeor
213 4012 247 4059 Β.
261 4013 288 4058 C.
300 4010 317 4055 l.
330 4013 352 4057 1.
363 4024 385 4054 6.
401 4011 461 4070 116
473 4012 496 4056 4.
523 4008 642 4054 Militibus
660 4009 685 4054 in
702 4009 817 4056 concione
833 4023 900 4069 agros
915 4003 1005 4053 616616
1024 4009 1212 4068 possessionibus

112 4077 253 4140 pollicetur,
263 4072 414 4136 6661616616
425 4072 530 4134 singulos
536 4071 626 4134 jugera,
639 4084 664 4118 et
673 4087 716 4133 pro
725 4082 776 4120 rata
787 4083 853 4135 perte
863 4071 1038 4120 centurionibus
1049 4073 1212 4137 evocatisque.

95 4184 99 4189 .
112 4141 303 4205 1116161611166,ι
320 4137 447 4196 according
456 4143 481 4183 ta
491 4137 554 4185 tbeir
563 4138 632 4184 rank.
651 4138 702 4184 Cic.
712 4137 728 4183 l.
740 4143 763 4185 l.
776 4139 847 4186 Taso.
858 4153 879 4185 c.
890 4141 929 4185 119.
946 4135 1097 4194 0616161616,
1112 4138 1210 4201 perinde

112 4214 141 4255 ut
156 4205 310 4267 6616666616
325 4209 390 4256 sunt,
402 4217 444 4263 pro
455 4208 505 4248 1616
508 4208 583 4271 parte
594 4209 636 4248 661
644 4201 716 4264 longa
727 4212 767 4250 aut
778 4203 858 4250 brevia
867 4202 992 4249 61666161.

147 4272 161 4300 ⁸
172 4270 271 4318 Dicitur
279 4269 350 4316 etiam
357 4273 488 4328 properie.
519 4268 570 4318 Cic.
583 4272 598 4318 2
615 4268 684 4320 Vere.
695 4286 719 4318 c.
730 4274 774 4321 611.
787 4265 1241 4335 1616616611,61”666166166611616

106 4349 233 4382 commane
242 4332 330 4379 Sicilie
343 4331 492 4382 conferrent.
1069 4331 1074 4337 ’
