2670 4636
125 296 185 354 aas
436 295 607 356 unaunu
630 290 872 354 romonum
1122 302 1125 306 ⁸
1153 300 1236 376 uvis

129 454 212 486 versus
222 439 312 504 injusta
322 455 387 488 arma
396 442 436 504 pio
446 441 561 504 justoque
571 456 598 488 se
609 449 743 488 tutarentur
759 441 823 487 bello
834 457 839 484 :
856 441 894 487 vel
909 440 939 488 ad
951 448 1083 489 cruentum
1100 442 1178 490 semel
1188 450 1234 490 sta-

130 512 236 561 tuerunt,
246 505 304 568 quid
315 505 428 554 donatum
439 522 469 559 err
477 508 557 555 alieno
568 507 702 554 Masinissae
714 506 811 553 vellent.

440 608 480 653 12.
501 605 544 654 Vct
553 619 595 667 pro
605 605 677 653 velut.
693 605 807 666 (exempli
815 603 922 667 guntin.)

168 684 212 733 Vel
223 699 286 746 saepe
296 700 338 746 pro
348 687 411 732 uelut
421 685 447 731 iu
458 700 483 731 re
494 685 575 748 aliqua
585 684 713 746 precipua.
748 684 842 733 Terent.
855 683 1017 732 Henetus.
1050 682 1232 732 Nulloesttaru

131 748 266 810 faciliores,
278 747 336 811 quin
346 749 449 797 difficilis
459 751 499 814 sit,
510 765 579 812 quem
597 749 687 796 invitus
697 749 785 795 iacias:
807 749 846 796 vel
859 763 895 795 rne
912 748 965 795 haee
975 749 1150 804 deambulatio,
1165 764 1233 813 qaam

131 828 181 861 non
199 812 326 867 laboriosa,
340 812 371 861 ad
388 814 525 875 languorem
543 813 616 864 dedit.
627 814 672 872 sor
689 814 796 861 instance
808 813 857 862 rtis
874 813 945 866 wollt,
955 813 1071 875 oblongi
1081 827 1143 862 none
1154 816 1185 874 ot'
1198 815 1233 864 rte

128 878 270 933 'toibomest
282 879 325 927 bos
341 881 476 942 completely
480 879 595 940 futigucd
613 894 657 927 me.
692 878 731 927 ld.
751 877 842 943 Hecpr·
854 882 876 926 l.
890 884 912 926 1.
940 877 1016 934 Quam
1032 880 1125 941 paucas
1137 879 1232 943 reperies

129 941 296 991 meretricibus
307 941 391 990 fideles
401 944 496 992 evenire
510 951 634 991 amatores.
653 943 699 992 ver
710 943 750 990 hic
757 942 898 1006 Pamphilus
904 942 1003 1008 jurabat
1009 942 1105 1005 quoties
1119 940 1232 992 Bacchidi

128 1013 204 1070 'quam
218 1015 309 1070 sancte,
326 1023 455 1071 nunquam,
471 1009 514 1055 illa
528 1009 589 1063 viva,
604 1007 729 1055 ducturum
741 1023 840 1055 uxorem
850 1009 955 1056 domurn.
989 1008 1041 1056 Cic.
1051 1007 1070 1054 l.
1082 1011 1107 1056 2.
1119 1008 1191 1057 Foru.
1201 1025 1232 1072 ep.

134 1075 174 1121 lt.
192 1071 270 1120 Raros
280 1080 334 1119 tuas
349 1074 454 1135 quidem,
465 1072 508 1120 sed
520 1088 603 1120 suaves
618 1072 710 1134 accipio
724 1071 819 1120 literas:
839 1073 875 1120 vel
892 1087 951 1135 quas
961 1071 1072 1135 proxime
1087 1073 1230 1135 occeperim,

134 1151 205 1200 quam
222 1138 365 1199 prudentes!
395 1139 486 1186 ttici.
498 1143 522 1186 t.
532 1154 568 1201 ep.
578 1142 618 1186 21.
637 1137 691 1184 init.
709 1136 804 1186 Amoris
820 1136 918 1201 quidem
936 1139 980 1192 tui,
998 1151 1097 1199 quoquo
1110 1154 1152 1184 me
1167 1138 1230 1195 verti,

133 1201 235 1263 vestigia
251 1202 290 1249 vel
300 1203 404 1264 proxime
416 1203 446 1250 de
457 1201 559 1266 Tigellio
573 1201 694 1266 perspexi.
722 1203 822 1257 Terent.
832 1203 912 1251 Andr.
923 1207 947 1250 3.
957 1207 981 1250 2.
998 1201 1046 1250 Vel
1059 1205 1105 1250 hoc
1143 1202 1179 1250 uis
1187 1218 1230 1250 nou

134 1266 224 1322 credat,
235 1264 276 1328 qui
291 1268 355 1314 norit
366 1278 399 1330 te,
413 1268 454 1314 abs
465 1270 489 1314 te
500 1283 553 1316 esse
571 1267 664 1314 ortum?
685 1259 736 1314 cu.
744 1266 764 1313 l.
775 1270 798 1315 7.
811 1267 881 1316 Fam.
890 1283 926 1330 ep.
939 1270 978 1316 ts.
996 1265 1077 1322 Quam
1084 1217 1231 1324 sitiuntur,

133 1330 175 1394 qul
189 1338 278 1391 emant,
288 1333 324 1378 vel
336 1347 364 1379 er
377 1332 423 1380 hoo
433 1331 536 1396 intelligi
548 1340 636 1396 potest.
654 1332 706 1380 bow
721 1333 790 1380 raucit
800 1333 876 1383 locem
886 1347 927 1381 ore
940 1329 1044 1380 inclined
1061 1336 1087 1380 te
1097 1332 1127 1381 te
1135 1332 1230 1396 pectet.

132 1410 231 1471 repperere
247 1411 303 1445 coen
314 1397 382 1455 from
394 1397 450 1445 ttts.
483 1398 670 1446 ld-lchnr.
686 1400 773 1460 ep.15.
800 1396 992 1459 Occupationum
1010 1398 1230 1447 mearumrelboe

130 1472 225 1523 riguum
242 1461 295 1515 erit,
314 1461 379 1522 quod
394 1462 496 1525 epistola
514 1461 601 1509 librarii
619 1476 690 1508 manu
709 1471 756 1509 est.
771 1476 827 1510 eren
846 1461 895 1510 titis
914 1463 936 1510 r't
946 1477 961 1512 o
973 1461 1108 1524 praeluceo
1119 1463 1187 1512 macir
1196 1477 1229 1526 tny

132 1526 219 1574 timete
231 1526 347 1588 occupied,
359 1527 431 1589 since,
443 1529 483 1588 tu.

422 1627 462 1672 1s.
485 1598 942 1688 Vetqnouinprincipio,intignanris.

170 1702 213 1752 Ver
222 1704 283 1766 quod
292 1703 317 1748 in
329 1703 445 1766 principio
456 1703 719 1815 sepeindiguauonffln
736 1704 852 1751 continet.
886 1705 939 1752 Cic.
949 1719 992 1766 pro
1010 1705 1080 1754 Flac.
1090 1706 1167 1753 ute}
1180 1703 1229 1752 uel

132 1768 195 1831 quod
207 1775 246 1814 est
254 1767 280 1813 iu
291 1768 374 1815 eodem
386 1771 485 1816 decreto
493 1769 616 1831 scriptum,
627 1771 680 1816 born
707 1783 733 1816 es
744 1768 888 1816 clarissimos
897 1768 1011 1826 civitatis,
1019 1769 1176 1832 amplissimis
1182 1785 1230 1818 usos

132 1833 269 1887 bonoribus,
287 1833 333 1880 hoe
352 1834 456 1881 Praetore
475 1833 657 1883 circumventos.
691 1835 755 1882 ibid.
766 1838 839 1882 ceu
855 1835 905 1882 Vel
921 1835 984 1896 quod
1005 1834 1040 1880 eit
1059 1835 1187 1891 Lucceius,
1203 1835 1229 1881 L.

128 1897 245 1965 *Flaccum
260 1897 306 1944 sibi
318 1898 372 1945 dare
385 1899 489 1962 cupisse,
501 1907 528 1945 ut
538 1904 582 1947 cet·
593 1898 666 1964 ofine
677 1899 747 1959 ttring
758 1898 889 1956 indeedsor
900 1898 1014 1947 Lucceius
1022 1905 1050 1948 to
1058 1915 1113 1965 sup,
1125 1902 1187 1956 tlrnt,
1195 1903 1230 1963 isc.

133 1962 173 2010 ld.
181 1976 227 2026 pro
238 1962 323 2010 Pione.
334 1979 356 2010 c.
368 1967 391 2010 3.
409 1963 454 2012 vu
467 1962 531 2026 quod
542 1963 618 2011 multo
632 1964 705 2011 etiem
715 1964 795 2010 miuus
806 1970 843 2010 est
853 1962 986 2011 terendum.

127 2092 129 2099 ·
546 2057 585 2103 14.
608 2053 650 2102 Vel
659 2069 703 2116 pro
712 2051 824 2102 sculteto·1⁸

167 2131 211 2181 Ver
225 2148 273 2181 non
286 2148 339 2180 raro
355 2141 482 2194 usurpetur
499 2150 540 2196 pro
558 2135 650 2182 muita
686 2134 740 2182 Ter.
750 2133 885 2182 Pitane.
904 2136 927 2179 1.
944 2132 1069 2180 Postremo
1080 2133 1099 2179 si
1109 2135 1179 2182 nullo
1189 2134 1230 2181 alio

130 2205 211 2260 paeto,
223 2199 261 2245 vel
271 2197 368 2245 foenore.
377 2199 475 2262 finady,
487 2199 512 2256 if
525 2199 546 2246 it
559 2213 608 2246 was
624 2198 757 2261 impossible
769 2203 793 2245 to
801 2202 844 2259 get
859 2211 942 2263 merny
955 2197 982 2246 ta
992 2212 1041 2261 unp
1051 2201 1122 2247 atter
1137 2213 1197 2264 wop.
1212 2199 1230 2248 it

128 2261 214 2310 ntould
224 2264 281 2312 benc
289 2264 344 2311 beeri
353 2263 475 2312 urruwcd
486 2272 511 2311 ot
522 2264 630 2310 interest.

517 2364 557 2407 15.
579 2360 623 2410 Vel
633 2375 677 2423 pro
689 2359 769 2415 etium,
779 2361 845 2409 odeo.

163 2440 232 2490 Alias
243 2444 377 2506 proelium.
412 2443 464 2491 Cic.
475 2441 491 2488 l.
502 2445 525 2490 3.
536 2443 565 2490 dc
577 2442 637 2503 Lug.
648 2457 670 2489 c.
682 2444 720 2490 16.
737 2441 800 2489 Naro
817 2440 865 2488 isto
875 2441 948 2488 modo
963 2441 1005 2488 vel
1022 2442 1164 2490 consulatus
1172 2442 1231 2490 vitu·

130 2507 245 2571 perabilis
262 2516 305 2556 est.
339 2509 377 2555 ld.
389 2508 406 2554 l.
416 2512 441 2556 d.
451 2507 528 2556 Acod.
540 2522 562 2553 c.
570 2510 611 2556 29.
627 2506 675 2553 Per
685 2521 724 2554 me
735 2507 776 2554 vel
787 2514 872 2554 stertas
887 2507 953 2564 licet,
969 2521 1018 2553 non
1031 2509 1104 2554 modo
1116 2509 1231 2570 quiescas.

123 2573 168 2632 sor
185 2574 259 2634 ouglrt
275 2574 329 2622 tbct
347 2574 501 2635 leore,·you
520 2587 574 2634 moy
593 2587 651 2621 coen
670 2586 748 2620 errore.
778 2571 817 2620 ld.
830 2586 875 2634 pm
887 2571 959 2620 Reae.
970 2570 1027 2620 Am.
1037 2587 1066 2620 ο.
1073 2576 1116 2621 26.
1134 2573 1183 2620 Vel
1191 2573 1231 2620 illo

130 2638 258 2701 asperrimo
266 2638 349 2701 judice
360 2636 514 2699 quaerente.19
539 2638 578 2685 ld.
589 2638 606 2685 l.
619 2639 680 2685 2.de
692 2637 761 2685 Orot-
772 2652 795 2684 c.
807 2639 848 2685 27.
866 2635 926 2684 Heec
938 2643 994 2684 suut
1005 2638 1086 2684 omnia
1094 2636 1230 2700 ingeniive

106 2706 108 2710 ‘
130 2703 266 2760 mediocris,
275 2702 452 2751 exercitationis
463 2711 544 2750 autern
555 2701 593 2749 vel
604 2701 739 2748 maxime.²⁰
748 2700 782 2750 att
792 2701 841 2749 tlte
852 2701 1023 2765 requirerentur
1034 2717 1050 2750 o
1061 2704 1182 2753 modam
1190 2717 1230 2752 an·

127 2769 293 2829 durmndtng,
306 2769 346 2816 butt
358 2772 452 2828 ugreet
463 2769 515 2816 deul
526 2765 554 2826 of
557 2768 671 2831 practice.

369 2866 435 2920 ’16
455 2865 601 2913 Vel—certe.
629 2863 791 2913 Vel-tomen.
821 2862 989 2912 Vct-nedum.

128 3002 131 3008 ¹
164 2947 255 2995 Colum.
266 2947 283 2993 1.
295 2950 334 2995 11.
345 2962 367 2994 c.
378 2950 402 2994 3.
419 2945 559 3009 Cepinarel
567 2945 662 3008 saepius,
671 2951 736 2992 certe
743 2959 791 2991 nou
800 2944 876 2991 minus
884 2943 964 2999 debet,
975 2958 1048 3006 quam
1056 2950 1142 3008 quater
1148 2944 1232 2993 sarriri.

131 3011 182 3060 cte.
192 3015 221 3062 de
231 3012 325 3061 Serrect.
338 3028 359 3058 c.
370 3014 395 3059 o.
412 3011 525 3060 Nullusne
535 3010 608 3073 igitur
618 3026 655 3056 res
673 3010 762 3057 seniles
772 3017 836 3065 sunt,
848 3023 902 3071 quae
918 3009 957 3055 vel
968 3008 1071 3057 infirmis
1088 3009 1231 3073 corporibus,

128 3075 207 3123 auimo
226 3085 305 3122 temen
323 3075 523 3135 administrentur,
546 3076 601 3124 Lio.
612 3076 629 3122 l.
640 3080 681 3124 45.
691 3079 759 3123 629.
777 3074 876 3133 Insuetn
893 3072 974 3121 omnia
987 3074 1065 3122 oculis
1080 3075 1232 3139 auribusque,

130 3156 183 3204 quae
199 3142 238 3187 vel
249 3141 334 3196 socios,
349 3141 436 3188 nedum
449 3142 530 3187 hostes
540 3140 624 3196 victos,
634 3147 724 3186 terrere
734 3147 840 3201 possent.

404 3242 443 3287 tr.
463 3237 507 3286 Vel
516 3252 570 3285 cnm
581 3237 725 3300 superlativo
734 3251 741 3294 ;
758 3236 811 3284 roell
817 3251 882 3289 neor,
892 3249 959 3298 very.

160 3319 228 3380 Saepe
250 3323 330 3365 autem
350 3319 496 3381 superlativo
516 3319 612 3381 gaudet.
647 3319 698 3366 Cic·
708 3319 726 3364 l.
740 3322 761 3365 l.
773 3319 801 3365 de
817 3318 877 3366 Not.
888 3318 963 3365 Deor.
981 3331 1002 3362 c.
1018 3317 1063 3362 tta
1090 3316 1230 3381 Protagoras

128 3383 249 3445 sophistes
259 3383 406 3445 temporibus
418 3385 468 3430 istis
479 3385 516 3430 vel
526 3383 653 3430 maximus.
662 3398 667 3407 ·
676 3383 716 3431 Id.
730 3383 800 3430 Orot·
812 3398 834 3430 c.
846 3385 887 3431 26.
904 3380 958 3428 Hoc
969 3379 995 3427 in
1006 3395 1096 3442 genere
1104 3397 1229 3430 nervorum

126 3450 166 3496 vel
183 3449 315 3504 minimum,
332 3449 456 3496 suavitatis
474 3453 552 3496 autern
571 3457 609 3495 est
628 3448 666 3494 vel
686 3448 819 3510 plurimum.
836 3448 876 3496 tire
894 3449 954 3495 tecet
964 3444 1084 3508 petella
1104 3451 1231 3509 'excecding

126 3512 196 3564 little.
210 3512 249 3562 Id.
260 3518 275 3562 2
287 3514 385 3563 Verus.
398 3518 437 3562 16.
457 3513 552 3562 Viderit
570 3514 647 3562 adhuc
667 3521 721 3576 post
736 3513 815 3574 legem
831 3511 987 3566 tribunitiam,
1004 3524 1080 3558 uuum
1091 3510 1230 3561 Senatorem

125 3579 164 3627 vel
175 3577 343 3626 tenuissimum
360 3593 413 3625 esse
424 3577 569 3626 demnatum.
588 3579 627 3627 tte
642 3593 700 3641 very
713 3583 824 3626 meonest.

479 3672 519 3716 18.
543 3668 706 3718 Velmoxime.
727 3666 874 3729 Veloptime.

161 3761 213 3809 Cic.
228 3763 297 3810 Orot.
307 3776 329 3808 c.
341 3763 381 3809 26.
408 3759 461 3822 Ego
476 3760 507 3805 de
524 3759 593 3806 novis
608 3757 657 3806 illis
673 3757 763 3804 Atticis
778 3756 852 3803 talem
870 3755 971 3819 cognovi
988 3753 1121 3814 neminem,
1134 3771 1190 3803 cum
1206 3754 1229 3802 id

124 3834 189 3874 certe
201 3825 233 3872 sit
243 3827 283 3873 vel
293 3825 397 3872 maxime
409 3823 525 3871 Atticum.
543 3824 613 3872 wltilc
627 3823 676 3871 tlris
688 3823 710 3870 ie
720 3821 821 3884 entirely
836 3820 911 3870 iattre
921 3821 991 3870 Arra
998 3824 1072 3870 tutte.
1090 3819 1132 3868 Id.
1143 3821 1163 3868 l.
1172 3821 1230 3870 ude

156 4035 177 4066 ¹⁸
191 4033 251 4082 Haeo
259 4033 399 4096 significatio
411 4049 453 4091 cur
463 4032 573 4096 fingatur,
591 4047 644 4078 curn
664 4030 802 4095 exemplum
817 4029 951 4093 subjectum
962 4044 991 4076 ex
1000 4029 1110 4091 proxima
1120 4029 1230 4077 inferiore

122 4099 287 4148 observatione
302 4098 417 4145 declarari
427 4106 506 4160 queat,
519 4097 580 4144 nibil
590 4112 665 4143 ceosae
676 4094 756 4142 video.

155 4164 175 4195 ¹⁹
189 4164 277 4211 Totum
289 4163 431 4225 exemplum,
443 4163 507 4225 quod
516 4170 584 4209 autor
593 4161 668 4207 voluit
675 4161 783 4216 fortasse,
795 4159 859 4207 istud
870 4166 920 4207 est:
932 4156 1016 4206 Facile
1027 4173 1067 4206 me
1080 4166 1183 4222 paterer,
1191 4158 1230 4204 vel

110 4231 156 4283 illo
170 4232 227 4298 ipso
240 4230 358 4280 acerrimo
370 4227 452 4293 judice
466 4235 598 4292 querente,
614 4228 655 4272 rel
669 4227 735 4288 apud
745 4225 873 4273 Cassianos
884 4224 984 4286 iudices,
996 4239 1041 4287 pro
1052 4225 1079 4272 S.
1092 4224 1184 4272 Roscio
1194 4223 1229 4270 di·

106 4316 171 4352 cere.
188 4299 299 4350 Videant
308 4294 400 4345 eruditi
411 4301 439 4343 et
447 4294 567 4360 judicent.
912 4348 918 4358 .

134 4369 157 4400 ²⁰
173 4367 316 4420 Lambinus
326 4363 403 4413 babet
414 4369 534 4411 teruntur
553 4354 751 4409 Exercitationis
764 4357 848 4399 autera
856 4361 980 4402 monuo.
1057 4366 1060 4370 Δ
