2670 4636
83 245 106 295 n,
122 223 167 283 orl
179 225 240 301 nn]
396 240 399 249 ·
419 223 474 288 DE
506 222 749 293 Pennicnuts
787 237 846 287 ete.
1140 230 1177 301 16

79 385 127 442 pul·
139 384 287 442 incubarent,
305 392 332 434 ιιι
348 402 363 434 n
380 386 463 450 primis
473 386 541 437 mnis
558 386 652 435 duritie
663 387 857 452 patrimonioque
871 397 1042 441 ιιιιιιιιιιιιιι.
1062 387 1139 450 Verre
1150 393 1181 445 tle

83 451 118 498 R.
133 451 163 498 R.
173 451 191 499 Ι.
203 455 227 499 2.
236 467 257 498 c.
268 455 291 499 8.
304 451 356 498 Hie
365 452 400 499 its
409 451 535 500 eductusn
549 453 634 515 primo,
653 460 734 516 potest
752 453 856 503 admitti.
889 455 973 506 Senes.
985 457 1078 512 Quen.
1090 457 1180 508 Nutu.

78 515 97 562 l.
108 519 132 563 3.
144 531 166 563 e.
177 520 219 567 00.
239 516 299 564 Sunt
307 516 387 564 omniu
396 517 476 564 facilia
485 525 585 573 nstnrae,
597 519 679 582 ntique
689 532 742 582 ans
752 533 767 567 s
777 520 853 582 primo
863 518 942 576 inesse
952 521 1083 570 momente

124 612 136 638 ⁸
147 611 187 662 Ab
198 619 287 678 tenero,
299 631 314 662 n
323 615 414 666 teneris
422 616 565 677 unguiculis,
577 630 625 728 apin
634 624 784 727 sunttpmere
794 615 920 666 imitanda.
953 616 994 667 At
1004 631 1054 668 ιιι
1064 615 1140 666 viridi

547 696 591 744 poe
612 695 664 729 eom
678 695 725 732 es.

116 757 209 808 cotun.
220 756 238 809 l.
254 763 279 807 6.
295 774 317 807 c.
327 762 351 807 6.
386 758 515 808 Plurimum
525 760 604 817 refert,
626 768 654 808 ut
671 761 766 810 arbores
776 776 829 809 enm
840 761 893 810 coeli
903 769 992 826 pentem
1003 767 1122 825 spectent,
1141 759 1181 811 eui

77 821 113 868 ab
123 831 207 870 tenero
220 836 402 872 consueverunt.
416 825 468 873 cn.
482 827 500 874 l.
514 829 536 874 l.
548 826 618 875 ann.
627 841 663 889 ep.
672 831 696 874 6.
724 826 816 875 Proestn
825 835 850 874 te
860 843 923 883 enm,
938 828 978 891 qui
990 827 1047 874 mibi
1057 842 1071 875 n
1081 826 1180 883 utteris,

78 895 110 934 ut
120 887 200 935 Greci
211 888 303 945 dicunt,
314 889 447 952 unguiculis
458 905 484 938 es
492 890 622 952 cognitus.⁵
659 892 733 941 Ouid.
747 893 822 942 1101.
832 892 850 941 Ι.
860 896 886 944 4.
902 893 934 943 ei.
947 897 985 942 10.
996 891 1078 940 Frater
1087 892 1118 945 sd
1127 891 1179 940 elo·

78 952 166 1014 quium
179 953 248 1000 nitidi
256 955 372 1002 tendebnt
382 955 412 1002 nb
422 969 482 1002 sevo.

142 1047 154 1072 ”
165 1048 205 1098 Ab
214 1050 285 1099 initio
290 1050 373 1109 ,·frnm
382 1052 424 1102 tte
433 1066 490 1116 orry
502 1050 676 1166 &cinxerant
688 1051 728 1166 tp:
739 1050 877 1114 beginning,
888 1054 914 1100 itt
925 1051 964 1101 tte
980 1049 1120 1115 ὁιςέιιιιίιις,

117 1196 169 1244 cte.
188 1195 262 1248 Brut.
279 1211 316 1258 ep·
335 1201 376 1246 10.
408 1195 499 1244 Hostes
518 1190 640 1245 ddmeetioi
651 1116 832 1244 srdndornnino
851 1197 881 1244 nb
892 1196 959 1245 initio
967 1195 1035 1252 betti,
1054 1197 1096 1244 sed
1107 1195 1181 1246 toene

77 1260 257 1322 frangebantur.
276 1261 313 1309 ld.
325 1263 357 1310 it.
374 1261 472 1310 consuti
482 1277 528 1310 non
539 1262 631 1310 enimus
646 1262 675 1309 nb
685 1261 763 1316 initio,
774 1277 822 1309 non
840 1263 900 1309 fides
911 1261 942 1309 nd
952 1269 1085 1309 extremum
1095 1260 1181 1310 deluit.

79 1326 122 1373 Id.
135 1326 220 1381 Quint.
231 1327 276 1375 Fr.
285 1326 303 1373 l.
313 1333 338 1373 et
345 1341 381 1390 ep.
393 1331 416 1374 l.
426 1335 452 1374 et
460 1341 504 1390 pro
518 1329 611 1377 cluent.
623 1343 645 1375 e.
656 1332 696 1376 50.
714 1326 835 1377 Abinitio
845 1327 917 1390 hujus
925 1327 1072 1375 memmio
1083 1325 1142 1377 dixi·

154 1438 166 1462 ⁸
175 1438 199 1488 A
209 1439 363 1503 principius
376 1440 454 1504 prims
463 1439 569 1501 3⁶srosn
580 1441 620 1492 tlte
627 1457 687 1557 plzen
696 1439 906 1555 beptnmngmmn
917 1441 957 1491 tis
967 1439 1105 1505 beginning,
1151 1510 1154 1515 ι

116 1584 169 1658 Cio.
187 1584 236 1640 Qn.
247 1584 290 1634 Fr.
301 1585 319 1634 Ι.
331 1589 354 1633 1.
365 1601 400 1650 ep.
412 1590 437 1636 2.
455 1586 514 1640 ileo
532 1506 740 1664 osporidcipiditiiti
747 1585 896 1662 ppaecipienn
905 1593 1020 1700 ppnntutn
1027 1585 1177 1649 profecerim,

78 1650 305 1776 ttlttlff‘ttlti
316 1653 429 1765 iiiiii
439 1651 570 1767 liciti
578 1666 697 1780 infit?
705 1651 829 1765 stit,
838 1652 914 1779 itt,
923 1651 1178 1771 Alttlnitlt:

80 1776 120 1826 Id.
139 1779 210 1826 Oret.
222 1793 253 1855 n.⁸
263 1783 287 1828 8.
305 1779 479 1827 Demosthenes
500 1779 639 1829 submissius
656 1781 761 1893 reprimo
772 1797 777 1827 :
790 1780 887 1836 deinde,
905 1779 960 1835 dunt
977 1778 1008 1826 de
1026 1780 1119 1843 legibus
1129 1779 1178 1831 dit·

79 1849 160 1904 putet,
180 1858 283 1906 pressius
297 1852 341 1894 oet.
375 1845 469 1894 Terent.
489 1847 584 1896 Pltortn.
600 1850 624 1894 4.
641 1849 665 1894 2.

702 1852 767 1893 ιιιτιι
788 1845 852 1900 bine,
871 1846 935 1897 nude
954 1859 969 1893 s
985 1843 1060 1908 primo
1076 1844 1176 1901 institui.

80 1905 153 1955 Adde
167 1908 220 1958 Cir.
229 1907 308 1958 Ante.
318 1909 336 1957 1.
344 1913 368 1958 9.
378 1925 415 1973 ep.
426 1915 450 1958 4.
488 1911 551 1959 Cels.
562 1912 578 1957 Ι.
588 1915 612 1958 2.
619 1919 644 1959 ἰ.
654 1916 679 1960 3.

298 2003 310 2031 ’
321 2010 345 2064 3.
356 2006 379 2056 A
391 2005 428 2054 vel
437 2007 467 2057 nb
478 2022 520 2071 pro
529 2013 591 2070 post,
601 2009 742 2066 tenendum
757 2008 829 2071 nlla,
838 2011 897 2057 next
908 2005 962 2056 to.⁷

112 2083 136 2134 A
150 2085 187 2133 rel
206 2086 237 2137 ab
256 2086 378 2137 interdum
393 2089 535 2136 descensum
555 2088 634 2152 signet
655 2104 669 2136 ιι
684 2089 838 2137 nobilioribus
847 2087 919 2143 rebus
929 2087 960 2135 nd
972 2086 1133 2151 ignobiliores,
1149 2093 1177 2137 et

78 2148 196 2198 declarari
206 2160 285 2214 potest
295 2167 338 2214 per
352 2159 416 2216 port.
451 2153 519 2202 Plin.
530 2155 548 2202 l.
569 2158 606 2204 14.
617 2169 638 2201 c.
649 2157 673 2202 7.
696 2153 736 2201 Ab
753 2153 790 2202 bis
805 2153 865 2200 sitris
880 2152 985 2215 dignetis
1003 2158 1040 2199 est
1057 2152 1179 2216 Sicyonio,

79 2213 182 2278 Cyprio,
192 2216 344 2265 Telmessico.
376 2217 416 2268 Id.
431 2217 448 2264 1.
461 2223 500 2268 17.
518 2233 540 2265 c.
550 2223 574 2269 0.
597 2219 736 2271 Proximum
751 2217 839 2273 deinde
855 2231 977 2284 caprarum
988 2225 1026 2269 est
1036 2225 1136 2279 elneus,
1146 2216 1177 2275 sb

78 2279 226 2336 boeotium,
246 2281 424 2339 deindeboum,
443 2282 597 2337 novissimum
605 2281 773 2345 jumentorum.
805 2283 845 2333 Id.
856 2283 873 2332 l.
888 2286 924 2330 16.
943 2297 964 2329 c.
975 2287 1000 2335 6.
1017 2281 1032 2334 l·
1043 2285 1084 2331 ls.
1104 2298 1126 2329 e.
1137 2285 1179 2334 11.

80 2343 132 2391 vid.
142 2352 167 2391 et
178 2360 262 2408 supre:
279 2347 334 2394 ond
345 2354 438 2408 tempus
449 2355 516 2410 pret.
526 2348 634 2395 relatum.
1141 2392 1143 2397 .
1166 2397 1169 2403 ,

115 2408 193 2472 Apro
207 2416 262 2472 post
273 2410 304 2458 ds
323 2420 428 2474 tempore
445 2412 568 2474 eleganter
575 2410 683 2476 jungitur
701 2427 754 2459 cnm
769 2411 894 2475 participio
911 2410 1013 2474 pessino.
1048 2409 1152 2465 Velleius
1162 2407 1179 2455 1.

81 2475 250 2586 1ιήιῇιιῗέι.
283 2475 344 2524 Sunt
362 2490 377 2524 ιι
394 2475 479 2539 Cnpun
494 2485 565 2540 cepte
583 2476 640 2524 unni
651 2475 749 2527 CCXL.
782 2476 860 2531 Sinai
874 2475 1180 2534 Ueientanorum

79 2551 104 2585 tn
143 2571 151 2593 ,
218 2555 260 2587 .n.
271 2544 296 2591 4.

113 2541 378 2655 “Aietnedtfferunt.
411 2604 435 2655 A
455 2611 511 2654 note
531 2613 568 2654 est
584 2605 695 2668 agentis:
711 2602 865 2668 Deobjectiz
886 2605 984 2664 (Μαι.
1000 2603 1018 2652 l.
1029 2607 1045 2653 1
1056 2603 1176 2665 Putrem

82 2666 191 2716 Grnmm.
203 2683 224 2716 c.
235 2672 276 2719 42.
287 2670 384 2719 Plinius
394 2670 412 2718 l.
423 2674 448 2719 4.
457 2671 526 2734 epist.
538 2681 563 2718 et
575 2672 588 2735 ς
599 2673 624 2719 l.
633 2678 695 2718 extr.
722 2668 813 2719 Credns
821 2685 868 2718 non
877 2671 908 2716 de
919 2683 990 2734 puero
1001 2667 1123 2733 seriptum,
1134 2666 1178 2728 sed

81 2745 189 2794 aposto.
720 2765 721 2769 =

440 2817 465 2864 4.
481 2814 504 2864 A
517 2796 556 2862 vei
565 2813 595 2865 eb
605 2828 677 2863 censs
685 2828 819 2879 perquem.

113 2889 137 2940 A
150 2891 187 2939 vel
198 2893 228 2942 nb
241 2893 318 2942 verbis
328 2894 415 2942 uetitis
423 2904 466 2944 sut
474 2895 567 2945 neutris
572 2895 658 2960 junctu
668 2894 785 2942 interdurn
798 2893 933 2958 significent
942 2894 1044 2950 ιιιιιιιιι,
1055 2906 1177 2957 perquem

79 2956 238 3006 reseffieitur.
272 2959 327 3008 cte.
340 2960 482 3022 pmntttm.
498 2963 573 3010 nnl.
600 2957 784 3013 Addsineertos
799 2959 878 3007 exitus
888 2973 1019 3024 pugnarum
1029 2958 1178 3020 Martemque
1215 3001 1218 3006 .

79 3035 236 3078 communem,
252 3024 291 3087 qui
303 3038 366 3085 saepe
377 3025 520 3086 spoliantem
527 3024 579 3088 jem
592 3031 617 3072 et
633 3025 779 3072 exultantem
789 3025 883 3079 evertit,
893 3030 918 3072 et
924 3023 1024 3087 perculit
1034 3022 1064 3070 nb
1075 3021 1178 3092 objectot
1232 3077 1234 3081 ¹

79 3085 98 3131 ι’.
108 3100 131 3133 e.
142 3100 186 3147 per
195 3085 333 3151 abjectum.⁸
352 3087 364 3113 ⁴
376 3089 415 3138 Id.
428 3091 457 3138 de
468 3089 552 3138 Dinis.
562 3088 608 3137 10.
619 3103 641 3136 c.
652 3093 692 3138 46.
703 3089 764 3145 Quis
774 3087 1178 3144 nonridet,etformssetmorsset

116 3228 128 3262 ⁵
141 3231 224 3279 Cicero
234 3239 329 3295 poteret
339 3232 474 3280 Graecorum
483 3233 607 3281 formulam
618 3233 709 3281 Induis
720 3233 795 3280 verbis
805 3231 945 3295 exprimere,
954 3229 1010 3293 quin
1019 3228 1099 3292 lingue
1108 3229 1177 3278 Grae·

81 3310 111 3342 on
122 3303 175 3342 tum
184 3298 260 3357 gratis
269 3296 385 3345 florebat:
403 3297 472 3345 bodie
483 3314 554 3362 quum
571 3306 662 3346 mutstn
679 3313 758 3345 rerum
775 3298 836 3345 sntio
854 3303 899 3351 est,
915 3294 947 3343 sd
957 3293 1080 3358 ignotioris
1091 3293 1180 3358 lingua

79 3360 195 3408 formulas
214 3360 240 3408 in
258 3360 383 3409 scribendo
399 3363 520 3425 respicere
538 3377 622 3426 parurn
640 3361 767 3411 convenit:
786 3361 833 3409 nisi
848 3361 908 3408 forte
919 3359 948 3408 nd
961 3360 1081 3407 bominem
1093 3357 1177 3406 Gneoe

80 3427 179 3472 doctum
188 3425 287 3486 scribas,
296 3434 338 3474 ent
348 3435 411 3474 certe
422 3429 523 3490 quadem
534 3427 624 3475 tutione
636 3426 753 3476 ndduotns
762 3424 789 3474 id
799 3424 932 3474 iaciendum
943 3431 1024 3488 putes.
1160 3426 1162 3430 '

111 3488 126 3522 ⁶
136 3490 195 3537 Seil.
207 3496 318 3554 ternpore.
329 3492 367 3538 vel
379 3506 474 3541 exorsu.
509 3543 515 3560 ,

111 3553 124 3587 7
136 3554 280 3618 Praepositio
289 3572 305 3604 n
315 3555 341 3602 in
352 3557 395 3605 heo
407 3555 577 3618 significatione
588 3571 652 3619 sespe
662 3553 809 3618 subintelligi
821 3554 922 3609 ridetur,
932 3566 1006 3617 quum
1016 3566 1087 3600 ossus
1097 3556 1178 3599 sextus

78 3619 253 3682 comparativos
262 3621 377 3684 sequitur.
414 3622 474 3668 Geel.
485 3620 568 3670 Annei.
579 3623 608 3670 de
619 3622 692 3669 morit.
702 3625 767 3669 nent.
785 3621 803 3666 l.
815 3623 840 3667 6.
851 3634 874 3667 c.
886 3623 910 3667 l.
922 3617 1054 3682 Lethargus
1064 3622 1102 3664 est
1111 3630 1177 3664 com·

78 3685 201 3746 paratione
213 3685 305 3749 gravior
314 3684 461 3749 phrenitide,
476 3701 524 3733 non
535 3686 603 3733 sliter
612 3698 683 3747 quem
693 3691 792 3747 negatus
801 3683 827 3730 in
837 3689 887 3731 toto
898 3681 962 3729 risus
972 3683 1002 3728 nb
1013 3696 1042 3729 er
1053 3687 1120 3744 pnrte
1131 3679 1177 3727 lm·
1251 3695 1255 3704 ¹

77 3747 169 3810 pedito.
180 3751 197 3797 ι’.
212 3766 232 3799 ι.
243 3764 314 3814 quem
325 3751 389 3797 risus
399 3751 484 3815 purtim
495 3749 632 3814 impeditus.
649 3748 716 3796 Add.
728 3750 768 3798 ld.
781 3749 798 3795 1.
810 3752 833 3796 l.
845 3764 867 3796 c.
877 3753 903 3798 9.
920 3748 934 3811 i
945 3750 986 3796 64.
996 3753 1022 3795 ιι
1032 3747 1050 3794 l.
1061 3749 1085 3795 l.
1097 3761 1120 3793 c.
1134 3748 1176 3794 ln.

79 3815 159 3876 6147.
168 3823 193 3862 ιι
203 3815 220 3862 l.
232 3820 258 3864 2.
268 3818 318 3864 ι.0.
330 3816 391 3879 §³0-
403 3823 428 3862 et
437 3817 465 3864 de
474 3816 585 3864 Cironio.
597 3816 645 3863 1.1.
656 3817 707 3863 ι.4.
717 3815 793 3878 §ibn
815 3812 907 3861 Similis
915 3813 1027 3874 exemplu
1035 3810 1176 3874 suppeditet

79 3877 194 3992 Plininpp
211 3880 448 3944 vesprumiensem,
466 3880 636 3945 Hieronymus.
657 3878 706 3927 Sed
725 3877 796 3941 bujus
813 3878 906 3942 generis
922 3876 1176 3926 construetionousst

78 3943 162 3991 unium
196 3976 203 3990 .
429 3965 432 3972 ·
1144 3974 1147 3981 .

112 4005 167 4056 8Ιιι
178 4010 223 4056 boo
235 4009 347 4073 exemplo
357 4007 453 4058 Antonin
463 4010 493 4060 ab
501 4008 668 4072 depulsionem
682 4022 724 4057 seu
734 4006 939 4071 propulsationem
952 4005 1033 4070 potius
1047 4003 1177 4068 signidem,
1242 4022 1246 4029 ·

79 4087 150 4134 quom
168 4088 265 4121 enusnm
284 4074 474 4136 propulsationis.
507 4074 570 4123 Setis
585 4073 611 4122 id
626 4073 700 4138 igitur
716 4072 828 4121 obsonum
846 4078 883 4120 est
899 4085 914 4119 ιι
930 4070 1029 4119 consilio
1039 4069 1176 4119 Tursellini.

79 4136 143 4185 Vide
154 4153 207 4200 quse
217 4137 248 4186 de
255 4140 300 4186 boo
313 4138 436 4187 Ciceronis
443 4141 497 4188 loco
506 4139 655 4204 disputemus
661 4139 685 4186 in
693 4137 849 4188 monumentis
854 4136 1004 4199 teneriorem
1013 4145 1071 4183 torn.
1081 4139 1176 4184 bmon.

79 4205 120 4250 11.
138 4217 195 4265 pag.
210 4206 251 4252 61.
267 4204 382 4252 adversus
391 4204 557 4253 Hennensium
568 4204 601 4253 V.
611 4203 642 4252 C.
675 4202 742 4252 nun
756 4200 1048 4264 certensignifleetionem
1061 4197 1175 4265 preposi-
1194 4205 1198 4214 '

80 4265 151 4315 tionis
158 4282 203 4330 per
213 4268 293 4326 hebet,
305 4267 325 4317 ei
335 4270 476 4319 numnerbis
484 4269 568 4320 estivis
576 4268 699 4332 jungetur.
