2670 4636
107 270 184 347 cuo]
450 270 506 330 DE
537 268 779 330 PARTICULIS
800 279 856 332 etc.
1137 276 1196 335 357

387 421 429 467 24.
447 417 482 467 Ut
491 418 588 481 quiem
598 433 653 465 cum
662 417 755 466 duobus
764 417 924 482 superlativis.
951 449 955 458 ·

140 495 212 561 serpe
221 499 320 562 quiem
335 512 389 546 cum
405 497 498 547 duobus
509 498 661 562 superlativis
676 497 809 562 copulatur.
844 501 895 549 Cic·
904 501 935 549 ed
948 499 996 556 Qu.
1007 501 1053 550 Fr.
1064 500 1080 548 Ι.
1089 507 1116 549 et
1124 516 1161 565 ep.
1172 506 1196 550 1.

109 561 145 610 Ut
153 563 254 627 qrrisque
270 571 308 612 est
321 563 357 611 vir
375 563 487 627 optimus,
503 564 538 611 ita
555 563 692 611 difficillime
706 563 767 611 alius
783 578 836 611 esse
850 564 969 628 improbos
983 565 1124 629 suspicatur.
1156 568 1197 617 16.

108 626 202 677 Ι.1.6ι
216 630 286 678 Ornt.
300 645 323 678 c.
332 632 372 678 26.
397 628 431 676 Ut
446 629 546 692 quisque
563 627 652 690 optime
670 628 738 684 dicit,
755 628 789 677 ita
798 630 904 677 maxime
921 628 1020 678 dicendi
1032 629 1196 680 difficultatem

107 690 187 740 timet.
202 694 243 744 tlte
252 709 317 743 more
327 695 433 756 eloquent
444 709 460 742 e
473 708 557 758 perron
575 695 605 749 ir,
622 694 663 742 tie
680 707 744 741 more
759 695 925 756 apprehensae
940 694 1004 744 true
1021 697 1051 754 os
1062 697 1132 757 being
1148 713 1196 747 em·

108 757 235 872 bunupelpg
248 760 318 808 wlrile
334 759 457 822 speum.
491 759 505 788 '
516 757 581 806 Add.
597 759 637 807 16.
652 757 706 805 1.1.
720 759 750 808 de
765 757 818 822 Off.
833 775 856 807 c.
872 763 912 808 16.
930 763 999 810 etde
1014 761 1107 810 Seueri.
1123 765 1196 812 c·18.

109 826 163 871 862
219 822 271 872 Ισοι
282 827 322 874 460
653 850 654 853 ’

203 918 215 943 ⁸
225 923 267 970 26.
286 921 322 971 Ut
331 921 427 984 quisque
438 935 493 968 cum
503 919 717 982 superlativo-itu
726 935 781 968 cnm
791 921 896 985 positivo
906 921 1050 971 rarissimum
1059 929 1105 973 ert.

144 997 156 1022 '
167 999 244 1048 Perit.
254 1000 270 1048 l.
281 1006 305 1051 6.
316 1004 382 1052 Aac.
391 1015 414 1049 c.
424 1003 448 1047 8.
459 1001 473 1064 §
484 1002 508 1049 3.
530 999 566 1048 Ut
575 999 675 1065 quisque
693 999 780 1066 Sejano
794 1001 902 1060 intimus,
918 1001 954 1050 ita
963 1001 994 1050 ud
1004 1001 1106 1052 Corui·
1116 1004 1197 1053 amici·

108 1063 170 1113 tiam
179 1064 281 1114 validus.

553 1165 595 1210 26.
614 1160 762 1210 Admonitio.

144 1241 208 1290 Cum
217 1242 340 1292 antecedit
352 1250 380 1293 ut
395 1242 491 1306 quisque
504 1257 559 1289 cum
573 1256 616 1289 suu
627 1257 654 1290 su
687 1241 780 1299 rlutivu,
797 1244 973 1306 comparativus
983 1242 1033 1291 eine
1044 1244 1102 1292 vitio
1117 1244 1200 1309 subjici

108 1321 159 1355 non
169 1314 256 1371 potest,
273 1307 317 1356 sed
325 1308 425 1356 alterum
435 1307 604 1371 superlativum
614 1307 656 1355 red
675 1308 680 1318 '
692 1315 811 1371 opportet.
834 1308 905 1366 Quod
915 1309 936 1357 si
946 1309 1066 1357 antecedit
1080 1325 1124 1373 pue
1135 1312 1199 1372 pub·

108 1387 163 1435 que,
172 1380 222 1421 turn
233 1389 288 1422 vero
299 1371 472 1437 comparativus
482 1371 623 1433 geminatur.
657 1373 709 1420 Cic.
717 1387 761 1435 pro
771 1373 843 1421 Rure.
856 1375 922 1423 Gom.
934 1390 957 1423 c.
969 1378 1009 1422 ll.
1034 1375 1089 1431 Quo
1100 1376 1201 1438 quisque

109 1445 149 1485 est
159 1438 265 1486 solertior
279 1445 306 1485 et
314 1437 468 1500 ingeniosior,
480 1439 523 1484 boc
534 1436 604 1484 docet
614 1437 751 1484 iracundius
760 1452 788 1484 ac
804 1437 952 1486 laboriosius.
978 1438 1064 1486 Verum
1076 1439 1101 1486 id
1117 1455 1197 1488 rarum

109 1501 238 1552 admodum
254 1510 300 1559 est,
311 1510 440 1566 contraque
450 1507 478 1551 ut
488 1501 585 1564 qubquc
598 1516 654 1550 cum
664 1501 759 1565 gemino
769 1502 914 1567 superlativo
925 1503 1113 1553 usitatissimum.

527 1681 640 1731 CAPUT
668 1680 794 1732 CCXXV.

287 1797 335 1857 De
350 1797 520 1858 Perticalis
534 1797 610 1865 Quo
622 1806 652 1857 et
663 1797 781 1865 Quoto
795 1807 824 1859 rt
839 1798 1023 1866 Quocrncs.

602 1926 649 1990 §L
665 1926 733 1983 Quo.

386 2039 418 2071 '⁸
431 2043 454 2089 1.
473 2041 525 2097 Quo
536 2055 578 2103 pro
593 2040 619 2088 in
630 2055 698 2103 quem
707 2042 790 2095 boum,
801 2042 839 2089 vel
850 2048 877 2092 ut
887 2057 922 2090 eo.

145 2122 280 2173 ora'u.1.4.
293 2123 361 2173 Foet-
386 2123 421 2170 Di
454 2137 482 2169 us
492 2121 571 2170 Roma
580 2122 656 2177 locus,
668 2136 715 2184 quo
726 2121 793 2170 Deus
804 2123 880 2170 omnis
890 2131 950 2172 erat.
977 2124 992 2153 ⁸
1007 2125 1057 2173 Cic.
1069 2125 1200 2176 121661.

109 2190 364 2254 ep.9.ctl.d.ep.5.
380 2186 422 2234 Ad
440 2188 862 2252 ,cnr.1.e.B.G.c.r.§e.etc.

557 2288 582 2334 2.
600 2287 766 2349 Quoquo—eo.

145 2370 234 2419 Plaud-
245 2369 334 2418 Pseud.
343 2373 367 2419 3.
377 2371 401 2416 2.
411 2373 452 2418 69.
469 2369 570 2433 Quoquo
582 2367 622 2417 hic
633 2368 760 2431 spectabit,
778 2383 807 2416 eu
818 2373 844 2415 tu
856 2375 965 2432 spectato
974 2368 1053 2417 simul.

534 2467 550 2496 '
561 2469 585 2514 3.
604 2466 776 2521 Quo-eodem.

147 2549 250 2612 Gir-pro
260 2545 334 2596 Arei.
344 2563 366 2596 c.
376 2551 416 2596 1⁰.
432 2547 507 2596 Sires
522 2547 567 2604 bae,
583 2560 642 2609 quae
653 2546 779 2609 gessimus,
795 2546 859 2594 orbis
878 2553 945 2594 terre
962 2546 1098 2610 regionibus
1115 2547 1199 2597 delini-

110 2622 193 2671 untur,
209 2627 296 2676 cupere
307 2611 429 2670 debemur,
444 2628 492 2675 quo
508 2612 588 2660 minus
605 2626 717 2658 manuum
735 2619 865 2658 nostrarum
876 2611 924 2659 tela
939 2612 1100 2675 pervenerint,
1117 2613 1201 2662 ecdem

111 2677 211 2744 gloriam
220 2679 353 2742 famamque
363 2685 495 2741 penetrare.
528 2677 583 2725 Lis.
594 2676 612 2723 l.
623 2680 663 2725 37.
673 2693 696 2724 c.
705 2679 746 2725 64.

236 2781 261 2826 4.
279 2776 415 2833 Quo-boe,
425 2783 450 2824 et
459 2789 571 2838 pue—w,
586 2790 640 2822 cum
655 2772 823 2837 compunctivis
835 2788 880 2837 pro
898 2778 1094 2836 tonte-quonia.

149 2858 285 2916 Quo—boc,
292 2864 317 2904 et
323 2873 435 2921 quo-eo,
442 2871 485 2920 pro
496 2859 682 2918 tento—quemn
692 2856 815 2917 eleganter
822 2861 952 2917 ponuntur.
985 2855 1036 2903 Cic.
1044 2855 1062 2902 l.
1074 2857 1136 2906 366
1153 2857 1202 2913 Qu.

113 2925 160 2973 Fr.
174 2939 210 2988 ep.
221 2928 244 2972 1.
277 2923 325 2970 Sed
341 2937 387 2986 quo
406 2928 472 2969 erent
486 2920 614 2977 suaviores,
635 2935 664 2967 eo
682 2919 795 2984 majorem
813 2919 915 2968 dolorem
935 2919 977 2966 ille
996 2935 1064 2967 casus
1078 2921 1201 2972 afferebat.

113 2989 154 3038 16.
165 2988 182 3037 l.
195 2993 219 3037 1.
235 2990 264 3036 de
276 2985 327 3051 Off.
344 3003 367 3034 c.
384 2990 431 3051 19.Ι
451 2985 505 3042 Quo
523 2984 650 3041 difficilius,
670 2984 717 3033 boc
738 2985 884 3048 preclarius.
916 2985 931 3014 ⁸
942 2982 1006 3040 Add.
1018 2985 1055 3033 ld.
1068 2985 1085 3033 l.
1096 2990 1121 3035 4.
1133 2987 1201 3036 Fum.

112 3068 149 3116 ep.
161 3056 202 3102 13.
215 3059 241 3100 et
251 3053 268 3103 l.
278 3054 302 3100 3.
312 3052 368 3102 Art.
376 3067 412 3116 ep.
423 3052 463 3099 16.
480 3050 562 3100 Senec-
571 3066 607 3114 ep.
619 3054 659 3100 85.

430 3152 455 3196 5.
473 3148 526 3205 Quo
541 3148 628 3204 minus,
640 3161 683 3210 pro
698 3151 785 3211 quante
798 3147 885 3198 minus.

147 3232 216 3296 Saepe
231 3247 276 3295 quo
289 3231 368 3280 minue
383 3238 508 3292 usmpatur
524 3244 567 3294 pro
577 3234 663 3292 quante
678 3228 763 3277 minus.
799 3229 850 3278 Gir.
859 3243 901 3292 pro
915 3229 1000 3286 Quint.
1010 3244 1033 3277 c.
1042 3234 1067 3278 l.
1082 3229 1205 3293 Namque

115 3295 194 3345 minus
204 3296 300 3359 iugenio
310 3310 416 3359 possum,
423 3294 530 3343 subsidio
539 3294 599 3343 mibi
609 3293 757 3357 diligentium
769 3295 912 3356 comparavi.
934 3293 999 3343 161.
1008 3299 1031 3343 4.
1044 3295 1112 3344 Fam.
1119 3310 1156 3359 ep.
1164 3299 1204 3344 13.

114 3361 171 3418 Quo
181 3362 261 3409 minus
270 3359 394 3409 familiaris
405 3376 464 3415 sum,
479 3361 525 3406 hoc
537 3375 590 3407 sum
601 3360 630 3406 ad
640 3359 835 3422 investigandum
846 3359 964 3407 curiosior.
997 3359 1062 3408 161.
1074 3364 1098 3407 1.
1107 3361 1135 3408 de
1148 3359 1201 3424 Off.

114 3441 137 3474 c.
150 3428 190 3474 21.
208 3427 268 3475 Haec
279 3442 308 3474 eo
324 3424 431 3473 faciliore
442 3433 497 3472 suut
507 3424 663 3487 pbilosophis,
678 3439 724 3486 quo
733 3424 813 3472 minus
829 3425 904 3471 multa
920 3430 1003 3487 patent
1017 3425 1133 3471 incorum
1144 3425 1204 3479 vita,

113 3506 167 3555 quae
178 3492 272 3541 roenna
280 3492 360 3547 leniat,
375 3496 456 3553 etque
467 3489 545 3536 minus
555 3488 634 3535 multis
644 3487 715 3536 rebus
725 3496 805 3552 egent.
836 3488 917 3536 *Ado
929 3490 967 3537 16.
976 3504 1020 3552 pro
1029 3489 1116 3537 Menil.
1129 3505 1150 3536 c.
1162 3491 1204 3538 26.

456 3585 469 3610 ”
480 3590 505 3634 6.
524 3588 577 3642 Quo
587 3601 636 3633 non
645 3585 803 3648 respondente
814 3589 864 3635 eal

148 3669 202 3720 nte.
212 3669 230 3717 l.
241 3674 265 3718 2.
276 3683 297 3716 c.
307 3671 348 3719 ⁶1.
365 3668 419 3725 Quo
430 3666 507 3730 plures
517 3675 593 3722 erant,
612 3666 684 3714 rna'or
697 3667 776 3715 coedes
789 3680 849 3715 eret.
884 3667 987 3723 Quintil.
997 3668 1015 3713 l.
1027 3669 1050 3713 8.
1062 3682 1084 3716 c.
1095 3669 1119 3714 3.
1133 3668 1203 3716 Colc-

115 3735 179 3785 mrll.
189 3735 208 3782 l.
219 3738 244 3782 6.
255 3751 278 3782 c.
289 3737 329 3782 11.
343 3740 370 3780 et
386 3734 455 3780 l.11.
473 3748 496 3781 c.
504 3736 529 3781 3.
540 3733 581 3780 Id.
592 3733 621 3780 de
656 3732 718 3779 rber.
729 3748 752 3781 c.
766 3736 806 3781 10.

444 3826 458 3858 ⁸
470 3831 494 3876 7.
513 3828 666 3884 Quo-tonte
675 3826 820 3875 rarisdnuum
830 3833 877 3876 est.

150 3909 264 3958 ’'S.D.
282 3910 442 3966 Quo-toute.
474 3909 561 3957 Pluere.
579 3909 611 3956 od
629 3908 680 3956 Cio.
698 3908 769 3958 1.1e.
788 3908 858 3957 Fam.
877 3923 913 3971 ep.
931 3910 972 3956 23.
998 3907 1052 3965 Quo
1072 3909 1148 3974 magis
1166 3925 1205 3959 me

116 3975 259 4090 petzipenunt,
276 3981 342 4024 tanto
358 3974 471 4038 majorem
484 3973 515 4021 iis
525 3971 646 4021 burbatio
661 3971 767 4022 dolorem
780 3973 870 4021 attulit.
900 3971 980 4020 'Add-
992 3973 1086 4025 Tueat-
1107 3975 1206 4026 Pirene·

150 4253 162 4284 ⁹
176 4251 268 4300 Rarum
284 4258 335 4301 est:
362 4266 407 4300 nec
424 4251 504 4299 obstet
522 4248 648 4299 multitudo
667 4248 832 4313 exemplorum
850 4255 1010 4314 nostrorum
1023 4265 1057 4298 ca
1072 4250 1141 4300 edim
1158 4263 1225 4296 cum·

110 4324 194 4379 paratu
207 4331 262 4365 curn
271 4316 311 4382 iis,
321 4315 406 4380 quibus
416 4332 444 4367 eo
453 4315 565 4368 additum
576 4325 623 4385 est,
634 4317 760 4384 paucitate
771 4332 819 4368 sua
828 4318 989 4368 crubescunt.
