2670 4636
408 221 579 282 nostru
610 219 852 281 russanum
1094 225 1208 300 [arun

545 414 659 481 carun
692 415 759 466 xci.

471 534 521 593 Dc
535 531 684 593 Aduerbio
699 531 835 590 ΗΑυι).3

86 708 88 711 ,
114 709 117 717 1
140 652 164 699 1.
174 646 254 697 Hane
264 643 328 696 idem
339 653 385 704 est,
396 645 460 709 quod
470 661 524 695 aaa.
543 645 595 694 Cic.
603 660 649 708 pra
659 645 755 695 munt.
764 660 786 693 c.
796 648 837 692 69.
853 643 925 692 Haud
936 644 1011 691 hares
1021 650 1060 692 est
1070 639 1207 709 Cluentius.

457 747 482 793 2.
494 743 704 805 Haudquaquam
717 742 781 790 baud
790 755 854 790 suae.

141 823 216 873 Haud
228 821 249 871 si
259 823 376 873 adsciscat
383 837 498 887 quaquam
508 829 549 870 aut
558 836 623 877 saue,
631 821 798 869 vehementius
807 828 887 884 negat.
904 822 954 870 Cic.
963 820 980 869 l.
986 823 1011 870 2.
1019 820 1048 870 de
1058 821 1130 870 Orat.
1140 836 1162 868 c.
1169 825 1209 869 83·

106 888 299 952 Haudquaquam
316 887 342 936 id
356 896 394 936 eet
403 887 499 936 difficile
516 887 610 935 Crasso.
623 887 645 934 it
658 886 680 935 is
695 887 765 949 byao
782 900 862 934 means
875 885 983 951 dwlmsd.
992 887 1046 951 „Ia
1059 888 1132 935 Orat.
1148 901 1171 933 c.
1183 889 1206 934 9.

108 953 217 1011 Quorum
235 960 304 1016 pater
319 955 390 1002 homo
409 950 515 1017 prudens
528 955 554 998 et
568 949 654 1014 gravia
672 948 856 1012 haudquaquam
872 950 995 1012 eloquens,
1016 947 1089 998 saluti
1105 950 1209 1012 reipubl.

107 1018 163 1066 fuit.
195 1019 234 1067 Id.
245 1020 275 1067 de
285 1017 363 1067 Amic.
373 1034 395 1065 c.
408 1022 449 1066 18.
466 1012 575 1063 Accedat
585 1015 633 1062 huc
644 1014 748 1062 suavitas
758 1015 869 1076 quaedam
882 1022 977 1077 oportet
986 1030 1123 1063 sermonum
1137 1021 1208 1076 atque

109 1097 208 1138 morum,
220 1083 404 1145 haudquaquam
414 1079 534 1128 mediocre
545 1078 723 1126 condimentum
738 1078 857 1127 amicitie.
885 1079 900 1108 '
911 1078 966 1128 Liu.
977 1080 995 1127 l·
1006 1083 1030 1127 9.
1041 1079 1064 1126 ο.
1074 1084 1100 1128 7.

144 1147 195 1195 Cic.
207 1148 236 1196 de
246 1147 340 1197 Senect.
351 1161 373 1194 c.
381 1151 406 1195 2.
421 1143 486 1193 Rern
496 1142 561 1191 haud
571 1155 630 1191 sane
643 1143 763 1192 difficilem
782 1143 893 1191 admirari
906 1142 1029 1191 videmini.
1047 1144 1119 1207 byao
1130 1157 1208 1192 meast

108 1211 225 1276 difficult,·
241 1227 296 1275 very
308 1227 370 1275 easy.
398 1212 436 1259 ld.
446 1210 464 1258 l.
476 1213 500 1257 8.
514 1209 583 1257 Taso.
592 1207 664 1255 Haud
676 1215 727 1255 erat
737 1223 802 1263 sane,
816 1208 880 1270 quod
891 1209 1015 1271 quisquam
1026 1209 1118 1255 ratione
1130 1223 1157 1254 ac
1165 1206 1207 1253 do-

109 1276 185 1323 ctrina
194 1275 331 1338 requireret.
356 1274 619 1324 indemnatam.
639 1272 675 1319 Eo
687 1280 723 1319 me
733 1271 924 1335 proficiscentem
932 1271 996 1321 haud
1004 1287 1062 1320 sane
1073 1272 1129 1334 quis
1138 1273 1207 1320 facile

21 1373 27 1383 .
110 1339 241 1388 retraxerit.

467 1406 490 1450 t.
500 1402 576 1450 Haud
585 1402 635 1451 scio
644 1416 674 1450 aa
685 1400 846 1465 prosoctccse.
895 1409 904 1423 '

145 1482 220 1532 Haud
231 1481 278 1530 scio
291 1497 323 1530 aa
333 1488 461 1544 usurpatur
473 1495 516 1545 pro
523 1481 640 1542 fortasse,
650 1495 703 1528 cnm
715 1479 848 1528 verecunde
858 1480 958 1543 aliquid,
969 1479 1034 1543 quod
1045 1479 1146 1528 dubium
1158 1496 1208 1528 esse

110 1546 194 1611 possit,
204 1546 444 1594 affirmarcvolumus.
470 1547 521 1596 Cio.
533 1545 549 1592 Ι.
557 1551 582 1594 2.
593 1549 622 1595 de
634 1546 671 1595 Ν.
683 1545 717 1593 D.
726 1545 748 1591 c'.
760 1551 784 1592 4.
804 1544 848 1591 Vir
857 1561 884 1592 sa
902 1545 1051 1601 lautissimus,
1063 1552 1135 1608 atque
1147 1546 1207 1593 haud

108 1612 171 1666 scio,
182 1612 328 1659 auomnium
337 1611 553 1674 prestantissimue.
586 1610 625 1658 ld.
639 1609 657 1657 l.
666 1613 691 1657 9.
702 1609 772 1658 Fam.
780 1623 815 1671 cp.
827 1615 865 1657 15.
917 1609 962 1655 tid
974 1608 1069 1671 quidem
1085 1625 1207 1673 magnum,

111 1683 183 1739 etque
198 1675 262 1731 haud
276 1676 329 1724 scio
347 1689 379 1723 au
396 1677 530 1723 maximum.
557 1674 596 1722 Id.
611 1675 628 1721 l.
641 1678 663 1722 l.
675 1675 704 1722 de
717 1672 769 1737 Off.
787 1688 809 1721 c.
822 1677 867 1722 22.
885 1673 1070 1735 Capessentibus
1090 1675 1209 1737 rempubl.

93 1784 97 1792 ,
110 1739 263 1787 nihilominus
274 1755 347 1802 quam
357 1740 516 1803 philosophis,
528 1738 591 1785 haud
601 1738 651 1786 scio
665 1753 696 1784 an
712 1738 872 1800 multomagis
887 1738 958 1784 ctiam
975 1737 1134 1801 despicientia
1144 1737 1209 1785 adhi-

112 1804 192 1852 beada
201 1804 232 1852 sit
240 1819 320 1852 rerum
330 1806 493 1852 humanarum.
512 1804 551 1852 ld.
559 1805 588 1850 dc
598 1802 677 1850 Amic.
686 1817 708 1849 c.
717 1806 757 1850 lt.
779 1801 860 1865 Atque
870 1802 936 1851 haud
947 1802 1006 1858 scio,
1015 1817 1047 1850 au
1061 1817 1092 1849 ne
1104 1817 1166 1864 opus
1179 1803 1209 1850 sit

109 1868 218 1932 quidem,
231 1868 292 1916 nillil
306 1882 426 1930 uunquam
435 1868 532 1916 omuino
541 1867 625 1914 deesse
634 1865 725 1914 muisis.

567 1968 592 2013 t.
603 1962 754 2011 Admonitio.

147 2043 279 2093 Haadscia
289 2057 321 2093 aa
331 2045 470 2107 plerumque
480 2043 576 2106 ponitur
585 2044 698 2107 prohasti
708 2043 859 2099 scicannae,
871 2043 1039 2103 velfortasm
1050 2045 1093 2092 sed
1102 2059 1211 2093 nonnun-

110 2123 184 2172 quam
199 2108 264 2155 idem
275 2114 321 2165 est,
332 2109 396 2171 quod
405 2108 497 2164 dubito,
511 2107 704 2169 metaneam.
721 2130 723 2134 ⁴
740 2108 791 2158 Cic.
803 2108 819 2156 l.
831 2113 854 2158 1.
866 2111 895 2157 ale
908 2107 960 2172 Off.
977 2125 1000 2156 c·
1009 2113 1049 2157 11.
1074 2109 1148 2157 Hand
1163 2113 1211 2158 scio

114 2186 147 2220 aa
157 2171 215 2220 satis
225 2172 257 2219 sit
262 2188 326 2229 eum,
334 2173 375 2235 qui
385 2171 527 2228 lacessierit,
536 2172 630 2236 iujuriae
640 2188 689 2220 suae
699 2173 813 2235 penitere
822 2188 829 2230 ;
848 2179 875 2220 ut
883 2180 909 2220 et
918 2173 972 2235 ipse
983 2173 1080 2236 nequid
1090 2176 1211 2237 telepost·

114 2237 158 2283 hac
175 2237 316 2293 committat,
335 2244 359 2284 ot
375 2235 452 2311 ceteri
466 2235 515 2284 siut
532 2237 564 2284 ad
575 2235 685 2300 injuriam
695 2238 829 2310 tardiores.
847 2239 865 2286 1
880 2252 920 2286 am
930 2242 972 2285 not
981 2251 1045 2306 aare,
1064 2241 1118 2288 that
1130 2241 1211 2289 thiais

112 2299 398 2411 illlbltmlffimilill
409 2300 646 2426 latuisti?
648 2301 662 2348 ‘¹
667 2300 984 2429 ttlttrh⁰¹5113²b
990 2317 1133 2430 12112
1146 2305 1211 2416 ltlt

112 2427 185 2475 dubie
198 2429 250 2475 vult
259 2427 346 2484 dicere,
358 2428 416 2476 satis
427 2442 489 2484 esse,
500 2428 522 2476 si
533 2429 573 2492 qui
588 2444 632 2476 nos
648 2428 787 2487 lacessierit}
801 2446 857 2478 eum
869 2431 984 2493 poeniteat
999 2431 1102 2495 iujuriae,
1120 2449 1165 2482 uec
1181 2432 1210 2479 de

37 2513 40 2517 ·
114 2508 144 2541 ee
156 2491 297 2556 dubitavit.)

119 2592 125 2603 ,
493 2563 516 2606 5.
529 2557 736 2621 Haudpaalcpro
748 2548 831 2606 multo.

148 2636 225 2686 Haud
231 2639 304 2699 paulo
312 2636 377 2684 idem
385 2637 495 2699 estquod
506 2639 588 2686 multo.
606 2637 658 2685 Cic.
667 2636 683 2683 l.
691 2641 716 2684 8.
727 2638 796 2686 Fam.
808 2652 845 2701 ep.
856 2641 879 2685 1.
896 2637 942 2686 Nae
952 2645 979 2686 tu
991 2639 1055 2687 haud
1067 2640 1212 2703 pauloplus,

20 2717 23 2723 ’
114 2716 186 2764 quarn
197 2703 322 2764 quisquam
332 2709 448 2757 nocuum,
468 2700 636 2749 delectationis
652 2701 766 2749 habuisti.
789 2702 828 2754 Id.
840 2701 856 2749 l·.
868 2706 891 2750 2.
903 2702 959 2752 Au.
971 2719 1007 2766 ep.
1019 2709 1043 2752 8.
1068 2703 1213 2753 Luculentus

115 2766 189 2814 humo
198 2772 235 2813 est
244 2765 339 2814 etciris
352 2767 415 2813 haud
426 2767 500 2828 paulo
510 2767 599 2823 mehor,
613 2781 682 2830 quam
693 2766 734 2813 isti
744 2765 826 2840 nond..
859 2766 874 2795 '
886 2768 925 2815 Id.
936 2767 953 2815 1.
965 2773 987 2816 6.
1007 2769 1077 2818 Fam.
1089 2785 1125 2832 ep.
1135 2774 1175 2819 29.
1188 2777 1212 2815 et

116 2832 276 2881 ome-⁴⁴·
478 2896 492 2925 “
505 2899 529 2944 6.
540 2895 800 2958 Haud—tricielegans
811 2902 856 2957 est.
890 2936 892 2940 .

150 2975 202 3024 Cic.
212 2974 231 3022 l.
241 2978 267 3024 9.
283 2975 353 3023 Fam.
364 2989 400 3040 cp.
413 2980 454 3025 26.
473 2974 547 3024 Haud
565 2989 660 3038 possem
678 2976 766 3033 vivere,
781 2975 868 3024 nisi'ln
882 2975 958 3025 literis
967 2978 1078 3027 viverem.
1109 2977 1187 3030 Tacit.
1197 2979 1212 3025 l.

114 3039 351 3132 Mm'fflil·
563 3102 757 3152 '7.Ha'udsed.
792 3156 793 3159 ,

118 3181 123 3196 ⁴
147 3181 202 3230 Lis.
214 3181 231 3228 1.
242 3185 282 3230 21.
294 3199 316 3230 c.
329 3184 352 3230 l.
375 3181 447 3230 Haud
457 3183 550 3244 ignotas
560 3180 619 3229 belli
630 3190 693 3230 artes
710 3184 773 3231 inter
786 3200 822 3240 se,
841 3187 884 3246 sed
902 3194 1012 3250 expertae
1027 3187 1106 3250 primo
1119 3188 1213 3238 Punico

114 3245 188 3301 bello,
204 3248 361 3294 conserebant
373 3246 476 3294 Romani
490 3256 515 3294 et
527 3247 742 3308 Carthaginienses.
776 3249 838 3312 (Sed
856 3253 879 3300 lu.
898 3253 917 3299 l.
928 3267 976 3299 nou
991 3253 1083 3316 pendet
1092 3253 1123 3300 ab
1142 3254 1213 3307 baud,

114 3310 158 3358 aed
176 3310 207 3358 ab
217 3309 303 3358 omisso
314 3311 430 3374 quidem.)
517 3372 519 3380 Ι
555 3369 558 3381 Ι

325 3422 337 3446 ’
349 3428 373 3472 8.
383 3423 662 3487 Haudquaquam—se&
674 3424 995 3490 haudquaquam-catenam.
1068 3470 1073 3474 .

119 3527 122 3537 “
149 3518 204 3568 Le.
222 3518 240 3566 l.
253 3522 276 3568 1.
290 3535 312 3567 c.
326 3523 366 3568 57.
384 3518 521 3568 Lucretiam
539 3520 722 3584 haudquaquam
743 3532 770 3570 ut
787 3518 862 3586 regias
880 3541 964 3582 nurus,
984 3541 1043 3590 quas
1058 3527 1085 3573 in
1103 3527 1221 3574 convivia*

116 3583 220 3647 luxuque
235 3597 292 3631 cum
307 3585 438 3645 equalibus
450 3585 557 3633 videraut
575 3592 669 3650 tempus
688 3595 799 3642 terentes,
818 3591 859 3636 sed
877 3598 946 3637 nocte
963 3605 1017 3637 sera
1033 3591 1137 3639 deditam
1155 3593 1213 3638 lenae

116 3647 179 3696 inter
192 3648 343 3696 lucubrantes
362 3649 460 3696 ancillas
474 3650 608 3698 inveniunt.
636 3652 675 3700 Id.
692 3651 710 3698 l.
719 3659 746 3699 et
761 3668 782 3700 c.
793 3657 818 3702 8.
835 3651 964 3710 Romanus,
976 3649 1077 3718 corpore
1087 3655 1211 3720 haudqua-

117 3725 188 3774 quam
199 3712 258 3762 setis
266 3713 368 3769 validus,
382 3722 604 3764 ceterumstreuuus
613 3716 650 3763 vir
659 3717 796 3779 peritusque
806 3718 905 3766 militia.

475 3811 490 3840 ⁹
500 3817 525 3861 9.
542 3810 733 3876 Hmadquaquum
741 3817 867 3863 aut-aut.

151 3903 206 3952 Lio.
218 3905 236 3951 l.
246 3909 348 3955 81.ο.1.
363 3907 451 3955 Pacem
468 3908 583 3956 Punicam
594 3908 686 3956 bellum
698 3909 881 3965 Macedonicum
897 3914 1001 3976 excepit,
1015 3914 1124 3976 peniculo
1140 3913 1212 3962 haud·

118 3981 235 4029 quaquam
245 3971 429 4032 comparandum
438 3977 479 4018 aut
489 3972 577 4019 virtum
588 3973 666 4029 ducis,
675 3981 718 4021 aut
728 3974 828 4022 militum
840 3977 929 4027 robore.
946 3982 1000 4042 (aut
1010 3993 1059 4024 non
1072 3975 1173 4026 ret‘ertur
1184 3978 1213 4026 ad

118 4032 303 4093 haudquaquam,
315 4037 356 4082 sed
364 4035 398 4083 ad
407 4034 611 4098 conparandum.)
760 4097 766 4109 .
909 4054 913 4062 ’

125 4160 1216 4189 mmm-w„-

458 4241 468 4274 ³
483 4240 521 4290 Ex
533 4240 621 4292 Graeco
633 4240 690 4290 οὔτε
703 4240 795 4291 ducunt
803 4242 921 4306 plerique.

905 4455 920 4486 ὶ
