2670 4636
45 273 211 350 ‚muru
426 268 482 327 nn·
513 265 752 329 esurientis
773 249 862 329 ete(
1094 265 1154 327 rao
1191 354 1195 362 ¹

336 419 359 463 e.
372 416 395 463 b'.
413 415 511 465 Praeter
521 431 563 478 pro
574 429 657 478 supra,
667 415 702 462 rel
713 415 793 478 magis
800 429 879 478 quam.

57 530 60 536 -
85 496 158 560 Saepe
176 496 281 545 declarat
290 511 368 558 supro.
387 497 438 544 Cia.
450 497 466 543 1.
477 499 502 543 2.
512 498 542 545 de
553 497 605 560 Off.
614 513 636 544 c.
648 499 671 544 7.
697 496 777 543 Testis
794 502 832 543 est
848 493 965 551 Phalaris,
983 493 1052 557 cujus
1064 501 1150 556 praeter

51 569 151 609 eeteros
161 572 199 610 est
210 561 333 610 nobilitata
343 560 477 608 erudelitas.
494 560 639 610 'remmlrohle
648 561 721 608 ebone
732 563 765 608 all
775 563 854 608 others
862 576 872 617 ,·
887 561 1153 623 particularlyfemous.

53 626 97 675 Id.
109 626 125 674 l.
134 632 158 675 l.
172 627 257 682 Quint.
265 627 313 675 'Fa
323 640 358 687 cp.
369 630 391 673 1.
409 625 443 672 Ut
453 627 568 687 optimum
579 640 665 672 nomen
677 640 885 686 consequeremur,
894 641 956 672 unus
968 632 1051 686 preter
1059 631 1153 671 ceteros
1192 666 1199 676 s

54 690 179 754 adjuvisti.
212 691 354 739 11112111
368 692 437 737 Oret.
449 706 470 737 c.
482 694 523 736 54.
539 691 614 736 Sicuti
631 691 696 735 ineo
713 704 807 751 genere,
826 697 850 735 et
865 697 951 750 praeter
965 697 1058 736 ceteros
1074 686 1153 735 Attici

54 756 187 802 excellunt.
220 757 258 804 Id·
268 769 311 816 pro
322 755 384 802 Sall.
396 770 418 800 e.
430 757 453 801 3.
472 754 523 802 Hoc
535 755 593 801 mihi
603 754 694 802 consuli
705 755 848 816 praecipuum
859 754 904 800 fuit
914 762 1000 815 prester
1010 753 1078 800 alios.
1112 753 1151 800 ld.

54 821 245 869 31111117.
269 818 439 881 Loquebantur
460 817 596 866 Decumani
617 819 702 881 palam,
723 825 749 864 et
768 826 853 880 preter
871 826 960 865 ceteros
978 818 1007 872 is,
1024 819 1065 880 qui
1086 817 1151 880 apud

55 883 157 932 Verrem
173 885 300 947 plurimum
312 890 413 945 poterat,
424 881 555 945 Apronius.
571 883 622 930 who
633 884 680 931 hod
689 883 757 930 much
768 882 884 945 influente
894 882 962 937 with,
974 886 1015 944 dfe.

91 948 108 977 '⁵
120 949 175 996 Huc
185 955 279 1011 spectat
291 955 448 1011 preterquam
460 963 501 1010 pro
514 963 586 1010 supro
601 962 678 1009 quom.
713 947 805 995 Terent.
817 948 909 997 Heaut.
920 952 943 995 1.
957 951 979 994 l.
996 945 1061 993 Mihi
1072 943 1152 992 videre

55 1021 144 1075 praeter
155 1021 250 1062 aetatem
259 1021 324 1060 tuam
334 1013 422 1075 facere,
432 1020 456 1058 et
466 1019 630 1075 preterquam
640 1027 679 1059 res
689 1017 713 1058 te
724 1011 862 1058 adhortatur
870 1022 916 1058 tua.

522 1131 546 1179 7.
564 1126 699 1174 Preterea.

89 1207 214 1255 Pretereo
231 1207 321 1254 dictum
339 1207 408 1269 quasi
417 1211 506 1268 preter
516 1222 552 1254 ea.
577 1205 616 1253 Ad
629 1221 742 1269 personas
750 1221 844 1268 quoque
862 1205 1064 1260 accommodatur,
1080 1203 1154 1250 etiam

58 1271 166 1319 'numero
181 1272 301 1335 singulari.
337 1274 387 1320 Cic.
400 1272 416 1319 l.
427 1276 450 1320 4.
468 1272 537 1320 Fam.
548 1287 584 1333 ep.
600 1275 624 1319 3.
647 1270 671 1317 A
690 1286 727 1316 rue
745 1270 807 1317 filius
823 1271 858 1317 sic
875 1271 989 1332 diligitur,
1005 1277 1034 1317 ut
1050 1269 1093 1316 tibi
1110 1271 1154 1315 uui

57 1335 197 1392 concedam,
209 1343 323 1400 praeterea
332 1336 431 1383 nemini.
447 1337 464 1383 ι’.
473 1352 494 1383 1.
505 1343 591 1398 praeter
602 1344 633 1381 te.
650 1340 674 1383 to
684 1351 730 1397 you
745 1337 829 1392 oleam
846 1340 870 1382 1ο
881 1350 911 1382 ao
922 1350 964 1384 ene
974 1336 1028 1383 else.
1060 1335 1100 1382 Id.
1110 1347 1153 1393 prro

57 1401 121 1462 Leg.
130 1402 229 1450 Motae.
241 1405 265 1448 2.
291 1401 384 1449 Dicunt
402 1402 464 1447 hunc
475 1415 547 1446 unum
560 1402 589 1446 ab
608 1399 715 1446 hostibus
733 1399 817 1454 metui,
833 1407 947 1460 praeterea
961 1399 1091 1445 neminem.
1103 1398 1121 1445 i.
1133 1413 1154 1446 e.

58 1475 147 1528 praeter
157 1481 218 1512 eum.
252 1465 291 1514 Id.
304 1470 315 1513 l
328 1466 421 1527 Philip.
434 1481 454 1513 c.
468 1467 491 1510 1.
515 1460 679 1520 Querebatur,
697 1479 752 1509 num
768 1464 809 1525 qui
826 1464 909 1511 exules
922 1463 1047 1510 restituti?
1069 1477 1153 1517 unum,

56 1529 147 1586 aiebat,
166 1536 280 1592 praeterea
297 1530 424 1577 nerninem.
440 1544 483 1575 one
492 1545 502 1585 ,·
518 1545 560 1576 one
577 1531 647 1592 only,·
666 1543 696 1575 no
707 1543 770 1576 arere
787 1528 844 1575 tltoo
856 1543 906 1576 orte.
930 1528 944 1556 ⁸*
955 1527 1021 1574 Add.
1035 1528 1074 1576 Id.
1082 1527 1101 1590 l.
1113 1531 1152 1574 14.

59 1595 328 1658 1111111111.
342 1594 471 1657 Areopa
485 1597 558 1643 etur.
578 1586 583 1601 ²

412 1708 536 1756 Praeterea
547 1708 576 1754 ad
591 1721 706 1768 personas
717 1707 804 1769 plures.

92 1787 108 1816 '
120 1778 172 1837 ch.
186 1802 230 1849 pro
246 1787 320 1835 Arclr.
335 1802 356 1836 c.
374 1789 397 1832 8.
414 1786 546 1832 Homerum
565 1786 710 1848 Colophonii
730 1785 807 1832 civem
826 1785 908 1833 dieunt
929 1790 982 1832 esse
1001 1800 1083 1832 suum:
1097 1784 1156 1834 Chii
1208 1809 1218 1823 κ

59 1866 130 1899 suum
143 1852 276 1900 vindicant:
295 1851 417 1899 Salaminii
434 1859 563 1912 repetunt:
580 1851 695 1913 Smyrnrei
712 1866 767 1897 vero
783 1866 850 1898 suum
864 1865 918 1897 esse
928 1851 1085 1908 confirmant3
1100 1865 1155 1912 per·

58 1917 130 1964 multi
140 1917 181 1964 alii
192 1917 313 1980 praeterea'
322 1923 429 1978 pugnant
448 1916 509 1962 inter
520 1931 545 1961 se
564 1923 635 1977 atque
650 1916 806 1962 contendunt.
839 1917 878 1963 Id.
889 1917 920 1964 od
934 1915 1025 1970 Quiris.
1035 1931 1058 1964 e.
1069 1920 1092 1964 3.
1109 1914 1155 1962 Pro

58 1997 99 2029 rne
110 1994 227 2044 praesente
238 1982 346 2037 Senatus,
355 1980 524 2042 hominumque
535 1987 652 2044 praeterea
661 1979 747 2043 viginti
758 1980 840 2035 millia,
850 1988 942 2027 vestem
953 1987 1113 2028 mutarerunt.

285 2085 300 2113 ³
312 2091 335 2134 8.
353 2086 449 2133 Praeter
461 2085 520 2140 hec,
531 2099 574 2146 pro
580 2089 706 2147 preterea,
717 2085 823 2147 argentei
835 2085 879 2132 aevi
888 2097 934 2132 est.

60 2212 63 2225 ,
95 2167 160 2216 Cels.
172 2167 189 2215 Ι.
200 2171 257 2214 21.
270 2171 293 2214 1.
303 2175 364 2213 extr.
381 2165 471 2211 Praeter
482 2164 533 2210 haee
551 2165 659 2226 graciles,
678 2164 753 2219 tabes,
770 2165 925 2228 dejectiones,
933 2165 993 2211 item
1003 2166 1120 2214 viscerum
1131 2173 1157 2212 et

57 2230 159 2279 laterum
167 2230 262 2280 dolores
271 2230 381 2292 fatigant.
414 2230 477 2278 Ibid.
489 2245 510 2276 c.
521 2233 546 2277 2.
561 2228 652 2276 Praeter
662 2231 712 2276 haee
724 2230 832 2293 protinus
842 2230 922 2278 timeri
931 2231 1011 2287 debet,
1019 2230 1040 2278 si
1047 2231 1156 2294 graviora

58 2297 168 2344 membra
177 2302 240 2344 sunt.
273 2295 404 2344 111114.
420 2293 510 2341 Praeter
518 2295 577 2346 ,haec
589 2294 720 2357 pericolum
739 2294 845 2342 ostendit
860 2295 892 2351 id,
905 2296 967 2358 quod
980 2296 1122 2353 excernitur,
1135 2295 1157 2345 si

58 2367 100 2409 est
110 2362 232 2425 exiguum,
244 2359 398 2422 glutinosum,
408 2359 477 2406 laeve.
504 2359 543 2406 111.
554 2359 562 2405 l
579 2365 603 2406 5.
615 2374 636 2406 1.
647 2363 688 2407 28.
700 2361 729 2408 de
736 2360 828 2422 prestul.
838 2375 921 2422 gener.
940 2362 979 2409 ld.
991 2362 1009 2407 1.
1019 2368 1044 2409 et
1054 2377 1074 2408 c.
1086 2365 1111 2410 7.

333 2473 364 2503 *⁸
372 2479 395 2522 11.
412 2474 656 2522 Preteradverbium
665 2446 887 2536 Ι1110111111111111111.
974 2470 987 2481 “

94 2557 193 2605 Proeter
211 2571 254 2617 pro
270 2559 427 2617 preterquam
446 2553 619 2601 adverbialiter.
654 2554 752 2602 Sueten.
765 2555 827 2602 Ner.
840 2570 860 2601 c.
872 2558 912 2602 56.
930 2553 1065 2617 Religionis
1081 2570 1158 2618 usque

59 2635 160 2684 quaque
170 2627 310 2676 contemtor,
324 2627 407 2681 praeter
417 2620 486 2665 unius
499 2619 560 2665 Deae
571 2619 655 2682 Syriae.
666 2618 768 2667 Sallust.
783 2620 838 2667 Cet.
849 2635 872 2664 e.
882 2622 924 2666 36.
945 2618 1037 2668 Ceterae
1048 2622 1156 2668 multitu-

62 2683 116 2732 dini
125 2685 191 2732 diem
199 2685 291 2741 statuit,
307 2695 362 2731 ante
374 2700 443 2746 quarn
460 2683 511 2730 sine
523 2683 606 2729 fraude
617 2683 700 2730 liceret
709 2683 740 2729 ab
750 2684 821 2729 armis
833 2682 966 2739 discedere,
977 2691 1065 2746 praeter
1078 2701 1158 2734 rerum

62 2750 204 2812 capitalium
214 2749 384 2811 condemnatis.
423 2749 498 2797 Varro
511 2748 589 2795 1111.
600 2747 616 2793 l.
630 2752 652 2795 1.
662 2763 684 2795 c.
695 2751 736 2794 41.
752 2746 786 2792 Ε1
798 2754 861 2795 terra
872 2748 953 2809 potius
962 2749 1094 2796 seminariis
1105 2766 1157 2798 sur·

59 2810 132 2864 ¹culus
147 2815 178 2862 de
197 2815 277 2874 ficeto,
292 2828 364 2877 quam
381 2827 454 2874 grana
469 2813 499 2859 de
513 2812 566 2873 ,fico
584 2810 684 2874 expedit
700 2813 807 2872 obruere,
823 2819 908 2874 praeter
923 2812 944 2858 si
959 2812 1027 2860 aliter
1042 2828 1157 2876 nequeas.

60 2881 145 2928 11111111
153 2881 237 2944 yoabe
250 2880 332 2928 unable
351 2885 374 2927 te
385 2880 414 2926 do
430 2876 563 2924 otherwise.
595 2876 679 2923 Linea.
695 2877 711 2922 l.
723 2881 746 2924 2.
766 2893 792 2938 p.
808 2880 864 2924 114.
881 2876 946 2938 quod
966 2893 1008 2924 cur
1029 2878 1159 2930 Geelena'us

59 2940 212 2992 'observatum
224 2945 304 3007 potius
316 2957 387 3006 quam
404 2949 541 3002 usurpatum
552 2939 611 2987 velit
625 2941 693 2988 Obes.
705 2957 729 3002 p.
741 2944 797 2989 188.
815 2956 907 2988 eausam
919 2956 968 2989 non
977 2943 1056 2989 video.
1090 2945 1157 2994 Flos.

62 3009 81 3056 l.
93 3012 119 3058 2.
131 3024 154 3055 1.
166 3013 190 3056 6.
213 3009 267 3056 Nec
278 3006 435 3070 praeterquod
448 3006 472 3051 in
483 3005 565 3060 bullis,
583 3005 693 3066 cingulis,
707 3013 782 3067 atque
794 3005 887 3052 annulis
897 3015 955 3064 erat,
973 3007 1101 3070 quicquam
1112 3009 1157 3058 sibi

61 3073 117 3122 auri
126 3073 255 3136 reliquere.
274 3078 357 3135 except
373 3071 446 3119 11111.
466 3069 516 3119 Ubi
526 3078 551 3117 et
566 3068 657 3132 ellipsis
672 3070 751 3117 locum
767 3071 854 3118 habere
866 3079 944 3135 potest
959 3074 1106 3134 pronominis
1122 3076 1156 3132 ie,

58 3138 412 3264 ,Rrgergddrroldldbuddplicant
421 3199 519 3262 quidam
529 3215 622 3248 versum
633 3176 770 3248 Ennianum
779 3215 819 3261 ap.
831 3201 936 3249 Gellium
945 3200 962 3249 l.
975 3208 1015 3253 19.
1027 3220 1049 3251 c.
1061 3208 1100 3256 10.
1117 3205 1161 3254 In.
1225 3215 1231 3226 ·

62 3275 135 3320 certe
151 3276 215 3317 errat
232 3268 334 3321 animus,
352 3274 547 3328 praeterpropter
560 3266 636 3312 vitam
646 3265 741 3312 vivitur.
758 3265 775 3312 i.
787 3280 812 3313 e.
821 3265 925 3314 vivimus
939 3267 981 3324 ita,
994 3275 1022 3316 ut
1036 3269 1159 3319 videamur

63 3338 166 3396 propter
175 3334 270 3396 quidvis
280 3331 367 3394 potius,
379 3344 450 3392 quam
460 3337 558 3392 propter
570 3331 652 3377 vitam.
685 3330 751 3379 Seal.
762 3345 783 3376 c.
800 3332 856 3377 157.
867 3332 896 3379 de
909 3333 981 3381 Ceae.
997 3334 1089 3396 Liaga.
1100 3336 1166 3388 Lat?

60 3399 169 3449 ,coclea
183 3399 253 3448 0111.
264 3413 288 3459 p.
300 3399 356 3444 188.
379 3394 428 3443 Sed
441 3410 490 3441 non
507 3394 602 3441 videtur
615 3395 709 3443 Gellius
724 3411 753 3443 eo
772 3409 843 3442 sensu
861 3396 998 3444 adduxisse.
1015 3400 1158 3450 Salmasiam

63 3461 140 3525 igitur
150 3465 231 3526 potius
241 3461 372 3515 audiemus,
384 3459 424 3522 qui
436 3475 460 3521 p.
472 3462 529 3506 879.
545 3461 576 3506 od
588 3459 665 3507 Selia.
684 3460 751 3521 legit,
761 3464 850 3521 prceter
858 3469 956 3523 propter
965 3463 1122 3522 cerevisiae,
1134 3473 1160 3514 et

61 3532 155 3590 prater
164 3534 261 3640 prepter
270 3525 378 3573 absolute
395 3524 484 3570 dietum
494 3530 584 3576 censet,
595 3531 622 3568 ut
636 3525 691 3584 plus
703 3527 789 3580 mirus,
802 3526 865 3572 ultre
875 3527 945 3574 citro.
977 3529 1082 3590 Propter
1092 3531 1158 3578 enim

63 3591 189 3645 veteribus
210 3591 324 3651 uitjuate
330 3604 340 3646 ,·
356 3594 446 3650 preter
455 3592 534 3634 estro.
566 3587 672 3634 Sensus:
693 3587 771 3635 interd
776 3604 815 3634 um
830 3589 875 3635 hoe
886 3591 966 3646 modo,
977 3592 1097 3640 interdum
1110 3594 1158 3642 alio

64 3657 128 3717 vivi3
146 3656 218 3705 medo
237 3656 340 3718 propius,
357 3653 428 3699 modo
449 3651 544 3713 longius
565 3651 659 3697 abhoc
680 3652 719 3698 vel
739 3652 782 3698 illo
800 3651 895 3699 vivendi
912 3658 1036 3717 proposito
1057 3657 1159 3709 discedi.

65 3721 77 3745 ⁸
88 3716 203 3770 Fortasse
215 3721 309 3784 planius
319 3719 384 3764 dicas
394 3722 420 3764 et
433 3715 464 3762 ad
481 3715 626 3762 sententiam
639 3716 717 3763 Ennii
732 3716 941 3774 accommodatius,
954 3719 974 3766 ei
989 3721 1025 3767 sio
1042 3721 1160 3784 interpre-

65 3787 124 3834 teris
134 3804 140 3831 z
157 3786 210 3834 Aut
223 3787 257 3833 eis
266 3784 330 3831 viam
339 3789 411 3829 rectae
421 3780 528 3835 rationis,
539 3786 581 3826 aut
592 3780 654 3826 ultra
664 3779 714 3827 fere
724 3787 846 3826 versantur
857 3783 973 3832 homines.
991 3787 1084 3835 Errare
1093 3788 1158 3836 enim

64 3859 105 3898 est
116 3865 161 3899 noa
179 3850 291 3899 insistere
306 3852 396 3897 certam
413 3846 542 3906 tritamque
552 3846 623 3891 niem.
656 3842 760 3891 Animus
771 3845 851 3906 igitur,
869 3847 910 3908 qui
924 3850 1014 3898 incerte
1029 3858 1105 3906 erret,
1123 3852 1160 3901 (11.

62 3915 148 3967 scedit
156 3930 171 3963 1
179 3914 228 3970 aia,
239 3922 265 3963 et
274 3914 314 3961 val
323 3913 384 3960 eitra
393 3926 447 3958 eam
457 3910 544 3971 abripit
555 3909 683 3963 hominem,
696 3909 803 3956 velultra
812 3925 819 3967 ;
835 3910 914 3967 idest,
926 3915 966 3961 vel
982 3929 1053 3977 supra
1063 3918 1160 3968 modum

63 3987 92 4029 at
105 3982 172 4044 leges
184 3995 248 4028 sanas
259 3977 367 4032 rationis,
376 3975 412 4023 vel
425 3976 488 4021 intra
497 3975 595 4020 modum
605 3981 630 4020 et
635 3974 719 4022 ,minus
729 3989 801 4037 quam
807 3974 875 4043 ‘ratio
886 3979 999 4038 postulet,
1017 3980 1082 4028 tacit.
1112 3985 1161 4034 Sed

64 4062 139 4095 suum
149 4047 236 4109 cuique
246 4059 338 4109 parma
350 4040 419 4104 sequi
428 4040 486 4087 licet
491 4038 618 4102 judicium.

260 4160 274 4188 ⁵
284 4161 323 4206 10.
340 4156 436 4206 Preter
447 4152 584 4202 adverbium
596 4169 637 4216 pro
648 4158 763 4216 pretereo
774 4153 918 4202 rarissimum
929 4162 974 4204 est.

80 4306 86 4318 Ι
102 4239 172 4316 Plias.
184 4239 251 4315 115.
263 4255 284 4288 1.
296 4242 321 4285 8.
338 4237 422 4286 Cimon
436 4233 562 4284 Cleonaeus
572 4249 648 4284 renas
657 4234 767 4300 protulit,
778 4236 952 4302 praeterquam
959 4247 1033 4287 reste
1040 4247 1188 4302 strumas

61 4321 133 4353 1111118
138 4316 238 4350 mollit·
945 4329 948 4333 ’
1037 4327 1039 4331 ·

120 4383 190 4429 stre
