2670 4636
122 278 180 355 uu]
468 276 524 336 DE
555 272 795 334 PARTICULIS
817 283 874 336 etc.
1156 272 1216 335 449

118 422 222 473 facetus.
238 392 266 474 us
280 439 326 488 you
341 437 382 474 nra
400 423 521 485 naturally
537 435 594 485 very
607 434 695 483 merny·
729 421 768 469 ld.
778 435 821 482 pro
832 421 900 470 Mur.
910 435 933 470 c.
944 422 984 470 25.
1001 418 1114 483 Catillus,
1131 426 1159 466 ut
1170 418 1218 467 luit

121 502 217 551 semper
235 488 406 553 apertissimus,
423 502 472 535 non
491 502 517 535 so
533 486 651 550 purgarit,
669 483 713 532 sed
727 483 851 535 indicarit.
877 487 917 535 Id.
926 499 970 548 pro
980 485 1052 535 Rosc.
1067 485 1123 535 Am.
1138 501 1160 532 c.
1178 488 1219 534 12.

121 551 210 609 Homo,
223 561 249 602 ut
259 563 311 603 eret
320 554 432 609 furiosus,
444 551 581 616 respondet.
613 551 653 598 Id.
664 550 690 598 in
703 550 786 599 Coecs'l.
797 566 818 598 c.
828 555 854 600 9.
871 549 913 598 Illi
922 550 1028 614 quidem,
1044 557 1072 598 ut
1089 557 1126 598 est
1139 549 1219 597 homi·

121 631 181 664 num
197 633 271 680 genus
292 619 362 666 nimis
384 626 481 667 acutum
502 623 528 664 et
548 614 714 677 suspiciosum,
732 615 904 664 arbitrabantur
925 620 972 664 cet.
986 629 1014 665 ns
1030 615 1087 679 tltcy
1104 629 1146 665 ore
1162 629 1219 678 orry

120 683 224 748 elorensi,
234 687 281 734 und
291 691 332 747 opt
343 690 366 734 to
374 688 474 747 suspect.
492 680 576 729 'Add
585 681 685 730 Sallust.
693 680 755 740 Jug·
765 696 787 728 c.
798 685 823 729 7.

559 798 599 865 sa.
620 796 655 845 Ut
663 794 780 843 menes.

158 877 191 924 Ut
202 891 245 940 pro
255 880 365 940 quomodo
381 893 443 942 saepe
463 875 610 924 admirationi
628 874 710 922 servit.
745 876 795 924 Cic.
809 890 853 937 pro
862 875 920 924 Mil.
931 892 952 924 c.
966 879 1007 925 24.
1030 875 1065 924 Ut
1075 873 1217 924 contemsit!

122 948 149 987 ut
166 956 209 1002 pro
218 943 293 991 nihilo
303 942 409 1005 putavit!
435 943 474 991 ld.
484 943 502 989 l.
514 948 538 990 5.
549 943 578 990 tle
590 942 615 990 F
614 941 648 988 itt.
659 956 680 988 c.
690 945 732 988 22.
756 939 791 988 Ut
800 939 838 988 illi
848 941 978 989 efferuntur
988 941 1079 997 laetitia,
1090 958 1143 989 cum
1155 940 1219 988 vice·

121 1004 182 1052 rint!
201 1015 229 1054 ut
244 1007 320 1070 pudet
329 1007 421 1056 rictosl
439 1015 466 1054 ut
481 1022 507 1054 se
524 1005 632 1054 accusari
650 1004 748 1052 noluntl
783 1007 823 1054 Id.
837 1005 892 1054 An.
903 1006 920 1053 1.
932 1010 956 1054 7.
967 1021 1003 1069 ep·
1015 1009 1054 1054 19.
1081 1005 1220 1056 Omautem

122 1077 202 1118 noster
213 1071 247 1136 (0
259 1072 264 1118 l
276 1087 328 1120 rem
340 1074 446 1119 miseram
456 1079 482 1119 et
491 1068 668 1131 incredibilem)
678 1077 707 1116 ut
724 1076 789 1116 totus
796 1069 878 1134 jacet!
914 1071 996 1120 Psaut.
1008 1071 1080 1134 Capta
1094 1073 1117 1118 la
1127 1075 1151 1120 2.
1185 1069 1221 1118 Ut

122 1151 188 1198 saepe
205 1152 297 1185 summa
315 1137 410 1200 ingenia
425 1138 451 1184 in
467 1137 563 1184 occulto
575 1135 664 1183 latent!
701 1136 739 1182 ld.
757 1135 835 1183 Stich.
850 1139 873 1182 3.
885 1139 910 1185 2.
926 1136 961 1184 Ut
977 1149 1023 1198 ego
1040 1143 1064 1183 te
1082 1150 1146 1183 nunc
1163 1134 1219 1182 con·

123 1201 200 1262 spicio
218 1201 319 1249 lubens!
336 1211 365 1248 ut
376 1217 422 1264 prae
438 1202 522 1248 laetitiu
537 1202 648 1264 lncrymae
662 1199 791 1263 prosillunt
805 1198 878 1248 milri!
917 1201 984 1263 Virg.
996 1202 1049 1250 Ecl.
1060 1205 1084 1252 8.
1109 1201 1144 1250 Ut
1160 1199 1220 1264 ridi,

124 1272 151 1313 tt
163 1265 237 1329 perii!
260 1273 287 1314 ut
295 1281 334 1314 me
344 1268 421 1315 malus
430 1266 529 1314 abstulit
538 1265 616 1314 error!
816 1292 819 1297 ·
1116 1287 1119 1295 ·

442 1384 480 1430 14-
502 1381 536 1428 Ul
545 1361 721 1440 interrogantis,
733 1393 773 1442 pro
783 1353 903 1442 qnornodo.

158 1461 281 1508 Interdum
291 1461 460 1524 interrogantis
470 1475 514 1523 pro
526 1461 645 1523 quomodo.
673 1459 764 1509 Horet-
787 1459 822 1508 Ut
832 1458 914 1507 valet?
931 1465 957 1506 ut
966 1458 1074 1507 meminit
1083 1459 1171 1506 nostri?

157 1526 190 1557 ³*
203 1527 231 1574 P.
253 1527 287 1575 Ut
305 1527 380 1590 quid?
406 1540 449 1588 pro
467 1521 633 1588 uuonwlrem?
668 1525 720 1573 Cic.
741 1525 759 1571 l.
775 1529 800 1574 7.
816 1523 953 1586 Alieni.
980 1524 1019 1571 De
1030 1539 1119 1587 pugna,
1134 1523 1221 1586 inquis,

108 1591 306 1704 lggssisssquam
324 1592 422 1639 servias.
438 1590 473 1638 Ut
488 1590 566 1653 quid?
594 1590 615 1636 si
632 1587 709 1636 victus
731 1589 786 1646 etis,
808 1589 970 1653 proscribere3
988 1589 1009 1637 si
1027 1589 1121 1645 viceris,
1142 1598 1221 1637 temen

402 1749 442 1793 15.
460 1745 518 1793 Non
529 1745 630 1792 ut--sed
641 1747 685 1801 ut;
696 1756 743 1791 nors
753 1744 855 1792 tut-sed
864 1744 941 1806 quusi.

162 1824 221 1872 Non
238 1825 338 1872 assumit
347 1824 468 1871 interdum
481 1827 523 1873 scd
533 1830 568 1878 ut,
586 1822 645 1871 alins
660 1825 702 1872 scd
712 1822 788 1885 qnasi.
824 1823 876 1871 Cic.
893 1826 922 1872 ds
935 1825 993 1886 Opt.
1007 1825 1068 1874 Gen.
1086 1827 1156 1874 Oret.
1167 1841 1190 1874 c.
1201 1829 1225 1873 5.

127 1889 253 1936 AEschinis
263 1897 289 1936 et
298 1889 470 1937 Demosthenis
478 1888 595 1937 orationes
607 1888 721 1942 converti,
731 1902 779 1934 non
794 1895 822 1933 ut
837 1888 963 1951 interpres,
976 1889 1017 1935 sed
1035 1899 1061 1938 ut
1073 1897 1159 1938 orator.
1185 1891 1225 1939 ld·

127 1955 147 2002 l.
165 1958 188 2002 1.
198 1957 227 2002 de
240 1955 311 2002 orat.
321 1970 343 2002 c.
353 1958 393 2001 24.
409 1953 465 2016 Ipse
481 1954 629 2010 moderabor,
648 1968 687 2008 ne,
706 1959 732 1998 ut
743 1952 840 2014 quidem
860 1953 971 2016 magister
988 1960 1061 2017 atque
1077 1955 1170 2009 artifex,
1182 1955 1225 2002 sed

126 2019 197 2081 quasi
213 2034 274 2066 unus
291 2035 305 2066 e
322 2027 456 2080 togatorum
475 2033 580 2074 numero,
596 2025 667 2080 atque
684 2032 717 2063 ex
735 2016 823 2064 lorensi
839 2033 885 2064 usu
903 2019 973 2064 homo
990 2019 1128 2074 mediocris,
1146 2035 1224 2082 neque

127 2084 225 2131 omnino
241 2083 315 2142 rudis,
330 2085 413 2131 videar
429 2098 478 2130 non
494 2086 545 2147 ipse
556 2082 646 2146 aliquid
658 2098 672 2128 a
688 2096 727 2128 me
743 2082 879 2144 promisse,
892 2082 935 2129 sed
946 2083 1043 2132 fortuito
1057 2086 1083 2132 in
1093 2099 1227 2132 sermonem

125 2157 234 2196 vestrum
244 2149 364 2196 incidisse.
630 2173 631 2177 =
1223 2168 1224 2173 ¹

164 2216 204 2261 16.
226 2215 260 2262 Ut
278 2214 383 2277 quisque,
401 2215 456 2261 cum
475 2212 568 2260 duobus
586 2211 745 2276 superlativis,
764 2213 808 2268 ita,
826 2212 881 2276 lege
898 2213 1005 2276 Quisque
1021 2227 1046 2275 p.
1057 2217 1174 2262 stt-num.
1185 2217 1227 2270 2³,

435 2373 450 2402 *
459 2377 498 2423 17.
519 2375 553 2424 Ut
564 2389 618 2421 cum
631 2375 777 2437 superlativo
786 2380 812 2423 et
820 2389 921 2438 possum.

132 2454 226 2568 chmi
244 2456 351 2569 appgllat
368 2455 438 2503 hilari
449 2456 517 2504 vultu
530 2456 650 2504 hominem
667 2455 768 2512 Bulbus,
785 2462 812 2503 ut
831 2455 984 2503 blandissime
998 2463 1096 2522 potest.x
1121 2457 1172 2505 cte.
1183 2471 1227 2521 pro

165 2535 261 2570 ucrs.c.
307 2554 313 2566 .
1209 2544 1212 2548 ·

542 2621 582 2666 18.
604 2619 638 2667 Ut
649 2633 699 2666 cum
710 2618 820 2668 nsuxime.

86 2750 91 2767 ι
169 2699 204 2747 Ut
219 2714 271 2747 cum
292 2700 396 2749 monime
413 2698 506 2747 confert
524 2706 629 2761 tempora
650 2699 712 2746 inter
729 2715 764 2748 se.
806 2699 857 2748 Cic.
879 2701 911 2748 nd
923 2699 1008 2754 Quint.
1029 2698 1073 2746 Fr.
1085 2699 1101 2745 l.
1113 2700 1137 2746 2.
1154 2713 1190 2761 ep.
1202 2703 1226 2748 6.

131 2762 225 2876 gemus
242 2764 381 2839 celebratur,
397 2773 424 2810 ut
435 2779 489 2812 cum
505 2764 615 2810 ruaxime.
634 2779 661 2811 as
675 2765 743 2812 macla
753 2779 780 2811 us
797 2779 851 2812 eser
866 2765 889 2813 r't
903 2779 960 2813 was.
988 2763 1037 2812 Sed
1046 2762 1097 2811 vid.
1115 2777 1186 2826 supra
1201 2763 1226 2811 in

155 2843 196 2876 um
205 2844 315 2878 maxumo.

221 2925 236 2953 ³*
249 2930 288 2973 ss.
308 2927 342 2974 Ut
349 2927 485 2988 plurimum,
502 2933 600 2975 nonest
611 2925 666 2986 sere
676 2927 715 2973 vel
725 2925 863 2989 scepissirne,
881 2926 924 2974 sed
936 2927 1139 2989 quamplurimum.

168 3007 220 3054 Cic.
232 3005 248 3055 l.
258 3011 282 3054 2.
293 3009 322 3056 dc
332 3008 393 3067 Leg.
403 3023 424 3054 c.
436 3011 475 3055 14.
491 3003 522 3053 In
532 3008 595 3056 bello
606 3006 710 3069 gerendo
723 3006 765 3070 jus
775 3012 803 3053 ut
813 3006 940 3068 plurimum
949 3007 1015 3054 valet
1025 3014 1051 3054 et
1061 3005 1129 3053 fides.
1162 3006 1228 3055 Con-

131 3072 169 3120 fer
179 3071 289 3136 exempla
300 3073 314 3135 ᾗ
326 3075 349 3119 4.
359 3074 385 3128 β.
397 3086 474 3134 supra.

522 3187 561 3231 20.
581 3184 613 3232 Ut
625 3189 652 3232 ut
662 3200 705 3248 pro
716 3187 840 3248 utcunque.

171 3266 206 3314 Ut
224 3269 251 3314 nl
267 3263 330 3312 idem
348 3273 393 3321 est,
411 3264 474 3326 quod
490 3268 615 3327 utcunque.
650 3265 701 3313 Cic.
715 3265 731 3311 l.
746 3268 786 3313 16.
798 3265 869 3314 Fam.
886 3267 972 3327 eur-18.
990 3262 1045 3320 Sed,
1057 3272 1086 3314 ut
1098 3272 1126 3312 ut
1135 3272 1181 3320 est,
1191 3264 1230 3314 in·

132 3330 205 3392 dulge
226 3329 368 3379 valetudini.
384 3330 490 3379 toweuer
506 3335 605 3378 moltero
625 3345 679 3393 moy
701 3330 736 3379 bc.
770 3328 859 3377 'Add
880 3330 976 3379 Terent.
999 3330 1098 3380 Pltorm.
1116 3334 1140 3378 5.
1158 3334 1183 3380 4.
1203 3338 1230 3378 at

133 3395 235 3458 Adelph.
245 3399 269 3442 2.
280 3397 303 3441 2.
313 3402 339 3442 et
349 3399 373 3444 4.
383 3399 407 3442 4.
1146 3410 1151 3426 ·
1218 3414 1223 3442 r

575 3495 615 3540 21.
636 3492 671 3541 Ut
681 3506 723 3554 pro
733 3491 782 3540 nbi.

167 3572 198 3601 *⁴*
210 3571 243 3619 D.
258 3573 293 3621 Ut
309 3587 350 3633 pro
370 3572 482 3636 abiman
496 3578 573 3635 porte.
610 3571 699 3620 catull.
716 3571 779 3634 epig.
792 3575 831 3619 17.
857 3570 940 3618 Totius
957 3584 984 3619 ut
1004 3573 1070 3619 lacus
1089 3572 1228 3637 putidaeqne

133 3637 230 3702 paludis
250 3636 410 3698 Lividissima,
428 3637 579 3700 maximeque
598 3642 635 3684 est
648 3636 767 3699 profunda
781 3651 877 3698 vorago.
912 3638 950 3685 Id.
968 3637 1071 3684 Multum
1087 3637 1228 3686 lusimusrin

134 3703 196 3751 meis
214 3702 315 3759 tabellis,
332 3702 366 3750 Ut
386 3709 531 3750 convenerat
549 3717 601 3750 esse
620 3701 744 3750 delicatos.
771 3701 836 3752 Scul.
854 3702 887 3751 a't.
903 3717 928 3765 p.
935 3704 977 3749 47.
1002 3700 1081 3765 (And.
1098 3702 1228 3752 Heinsad

138 3768 210 3817 θεῖά.
221 3768 284 3816 Her.
296 3783 331 3831 ep.
342 3771 366 3816 4.
375 3784 399 3814 v.
411 3766 464 3830 25.)

168 3974 179 4004 ⁹
195 3975 258 4022 Mihi
274 3975 368 4022 videtur
385 3974 424 4021 hic
442 3973 559 4036 particula
573 3974 631 4036 quid
650 3973 788 4037 parenthesi
807 3972 1029 4030 circumscslbenda,
1047 3990 1093 4038 quo
1110 3977 1230 4026 sententia

135 4041 230 4102 integra
241 4041 273 4086 sit
280 4041 337 4102 quid
347 4040 425 4089 dicum
434 4036 529 4099 igitur?
546 4039 656 4103 quidflct
663 4053 719 4100 ergo
728 4044 797 4088 lum?
813 4039 851 4086 vel
862 4040 918 4102 quid
925 4043 1006 4102 putem
1018 4035 1094 4100 igitur
1104 4042 1231 4106 conmori?

136 4105 293 4166 Insequentia
310 4112 390 4152 autem
406 4107 478 4151 verba
496 4110 552 4151 sunt
569 4103 743 4166 respondentis.
760 4103 849 4167 (Malo.
866 4104 911 4151 Est
927 4104 1025 4166 elegans
1042 4106 1111 4162 satio,
1128 4121 1142 4153 e
1161 4108 1230 4156 Grae·

136 4185 217 4217 corum
236 4169 407 4217 consuetudine
423 4166 494 4216 ducta
504 4166 578 4216 lauri
585 4185 593 4229 ;
608 4174 636 4217 ut
647 4169 703 4230 quid
713 4171 798 4225 lucrer,
812 4165 959 4232 consequor?
975 4183 999 4214 r.
1008 4169 1039 4217 L.
1052 4171 1104 4219 Bos
1113 4171 1138 4219 iu
1153 4173 1230 4235 Enip-

135 4234 201 4282 silnss
209 4235 309 4362 francis
317 4250 341 4281 v.
352 4233 467 4295 γίνεσθαι.
478 4233 591 4297 Inprimis
608 4232 639 4280 de
649 4235 693 4281 hac
704 4234 780 4284 lorma
793 4234 841 4282 vid.
851 4235 879 4284 J.
890 4234 922 4286 F·
936 4234 1040 4284 Gronov.
1051 4235 1082 4283 ad
1092 4237 1149 4286 Lis.
1161 4238 1177 4286 l.
1188 4242 1229 4287 to.

135 4315 157 4346 c.
166 4302 205 4348 13.

204 4381 272 4428 Tuus.
1120 4381 1168 4430 es.
