2670 4636
168 227 223 296 111
488 226 657 287 HOllA'l'll
689 225 930 288 TURSELLINI
1149 235 1253 310 [aneo

355 388 368 416 ⁵
377 393 400 436 9.
414 389 480 450 Ergo
489 389 595 450 sequitur
604 390 757 452 parenthesin
767 391 897 452 eleganter,
909 406 952 453 pro
963 392 1067 454 inquom.

198 468 266 527 Ergo
278 468 424 530 pruisquam
435 469 540 529 ponitur,
553 484 607 516 cum
623 470 741 516 sententia
756 470 849 532 longior
859 471 1068 533 comprehensioni
1079 471 1175 519 cuidam
1185 473 1259 520 inter-

158 530 226 593 jecta
235 541 279 578 est.
315 533 365 579 Cic.
378 533 393 579 Ι.
406 531 448 579 15.
455 533 524 580 Fam.
536 549 570 594 ep.
583 536 622 579 10.
640 533 742 587 Quando
751 533 778 579 id
789 534 884 588 accidit,
897 535 961 596 quod
971 535 1075 582 maxime
1086 531 1201 584 mihifuit
1212 552 1258 598 op-

163 602 247 648 tatum,
256 603 283 641 ut
295 596 399 641 omnium
411 596 588 650 Marcellorum,
606 596 801 643 Marcellinorum
812 601 884 644 etiam
901 599 1026 658 (mirificus
1037 600 1099 645 enim
1112 601 1218 647 nominis
1229 615 1258 648 ac

164 658 259 718 generis
270 660 342 705 vestri
351 659 399 706 tuit
409 675 465 722 erga
476 675 512 706 tue
528 674 623 721 semper
634 660 750 722 animus),
766 661 861 722 quando
879 676 934 724 ergo
952 664 987 708 ita
1003 663 1099 718 accidit,
1112 674 1140 710 ut
1149 664 1257 712 omnium

164 729 266 768 vestrum
276 722 354 769 studio
363 730 419 768 tuus
431 725 568 770 consulatus
580 723 715 770 satisfacere
728 732 823 785 posset:
841 733 898 786 peto
910 741 923 771 a
934 734 967 780 te,
981 734 1088 786 utquam
1100 728 1262 774 honorificent

164 785 283 832 tissimum
294 785 384 833 SCtum
397 787 533 834 laciendum
543 802 620 834 cures.
637 789 676 835 Id.
689 791 719 835 12
728 788 835 850 Philipp.
845 804 866 834 c.
877 794 901 837 9.
912 796 937 835 et
948 791 995 837 1.1.
1006 792 1074 838 Tuae.
1085 807 1107 838 c.
1119 798 1143 840 t.

512 885 543 913 *⁸
557 888 596 932 19.
606 885 674 946 Ergo
684 885 709 931 in
720 882 902 946 responsione-⁸

196 960 229 1007 D.
243 963 309 1022 Ergo
319 963 343 1009 in
355 966 507 1026 responsione
524 981 568 1026 pro
585 965 689 1027 inquam,
701 964 838 1011 affirmantis
851 973 896 1011 cst.
920 957 1015 1013 Terent.
1027 965 1105 1014 Andr.
1117 973 1141 1014 ὅ.
1152 971 1177 1016 2.
1190 967 1257 1024 Quid

98 1064 101 1071 .
162 1024 215 1072 istic
224 1025 266 1072 tibi
275 1029 364 1089 negotii
375 1030 428 1074 est?
451 1029 501 1077 Du.
513 1027 621 1090 Mihine?
640 1029 676 1077 si.
689 1027 734 1074 lta.
746 1030 794 1077 Du.
807 1029 917 1075 Mihine?
936 1029 975 1078 Si.
985 1029 1040 1076 Tibi
1050 1045 1114 1092 ergo.
1251 1048 1253 1050 ·

582 1175 694 1224 curor
727 1175 829 1224 mxv,
879 1231 881 1242 Ι

534 1274 580 1331 De
595 1273 810 1350 Conjemctioae
831 1273 887 1330 En.

194 1383 209 1411 ³
223 1387 245 1430 l.
264 1382 300 1430 En
311 1385 412 1431 eandem
423 1385 469 1430 vim
480 1384 563 1439 habet,
575 1399 647 1445 quam
662 1398 699 1432 cc.
732 1383 780 1430 Sed
792 1389 906 1444 praeterea
917 1389 968 1429 tum
979 1391 1091 1437 uantum
1108 1382 1163 1430 aliis
1178 1384 1255 1447 signi·

160 1445 309 1521 icadonibus
319 1449 420 1496 multum
428 1448 458 1496 ab
467 1465 495 1497 oo
503 1447 593 1495 differt.
610 1446 744 1509 Namsaepe
755 1446 933 1509 perspicuitatis
944 1461 1015 1512 causa
1026 1447 1129 1494 scienter
1137 1455 1162 1495 et
1173 1448 1255 1496 curate

159 1517 266 1560 iteratur.
1242 1524 1245 1531 ’

410 1605 444 1657 ’2.
458 1611 548 1658 Et-et
555 1625 564 1664 ,·
576 1615 617 1656 not
628 1607 757 1678 only—but
767 1609 815 1655 also
825 1623 835 1664 ,·
847 1579 990 1654 both-'and

194 1688 245 1735 Cic.
255 1690 284 1736 de
293 1689 371 1738 Amic.
382 1704 403 1734 c.
412 1694 451 1736 29.
463 1689 568 1744 Omnino
577 1687 686 1735 amicitie
697 1687 852 1734 corroboratis
855 1685 903 1747 jam
913 1685 1105 1746 confirmatisque
1114 1693 1141 1732 et
1149 1685 1257 1748 ingeniis

159 1759 185 1818 et
196 1751 305 1798 sufibus
312 1752 449 1813 judicanda·
464 1759 527 1800 sunt.
546 1753 580 1800 Et
587 1753 657 1812 poulo
667 1755 733 1810 post.-
751 1749 799 1796 Eas
809 1765 848 1796 res
858 1749 900 1810 qui
909 1747 1027 1810 impedire
1038 1748 1097 1804 vult,
1114 1749 1136 1795 is
1151 1757 1177 1797 et
1188 1751 1254 1798 infir·

160 1829 213 1879 mus
224 1823 261 1861 est
274 1815 397 1876 mollisque
409 1830 501 1870 natura,
514 1822 539 1863 et
554 1815 585 1861 ob
598 1829 652 1861 eam
662 1814 739 1875 ipsam
750 1828 846 1860 causam
858 1812 884 1858 in
897 1811 1004 1860 amicitia
1013 1827 1097 1874 parum
1104 1811 1198 1874 justus.
1214 1815 1255 1864 lo.

159 1877 175 1926 1.
188 1883 212 1926 2.
225 1879 308 1933 Quint.
321 1879 365 1926 Fr.
376 1894 411 1940 ep.
424 1881 439 1924 ὃ
450 1886 476 1925 et
486 1884 510 1926 9.

596 1973 815 2021 *aEt-—et-et.
867 1945 869 1951 ’

79 2092 81 2102 .
186 2025 246 2100 911.
256 2053 272 2098 l.
285 2055 323 2099 12.
333 2052 387 2101 Art.
400 2068 435 2114 ep.
448 2057 471 2101 2.
490 2051 550 2100 Cato
570 2067 607 2107 ea,
625 2066 678 2113 quae
689 2066 752 2097 nunc
764 2057 828 2105 sunt,
847 2058 873 2096 et
887 2051 966 2098 futura
983 2049 1051 2105 vidit,
1065 2057 1091 2096 et
1105 2065 1137 2098 ne
1157 2051 1251 2107 tierent,

159 2116 289 2170 contendit,
302 2123 328 2162 et
337 2117 399 2163 lacta
410 2132 440 2162 ne
451 2115 553 2170 videret,
564 2116 636 2163 vitam
652 2115 755 2176 reliquit.
782 2115 821 2162 ld.
838 2115 855 2164 1.
866 2119 890 2161 9.
903 2114 987 2169 Quint.
1000 2115 1045 2162 Fr.
1055 2129 1090 2177 ep.
1101 2119 1126 2162 9.
1137 2124 1200 2168 extr.
1210 2132 1255 2178 pro

149 2215 152 2221 .
159 2179 231 2250 licea.
241 2180 297 2228 Am.
308 2196 330 2227 c.
340 2185 364 2228 5.
375 2187 434 2226 extr.
443 2188 468 2226 et
477 2180 494 2227 1.
503 2185 528 2248 Ι2.
541 2181 610 2229 Fom-
621 2195 657 2242 ep.
669 2183 692 2226 3.
704 2180 759 2228 Lt'o.
771 2179 788 2225 1.
799 2182 839 2226 39.
851 2194 873 2225 c.
880 2181 920 2226 49.

551 2275 600 2323 ⁸4.
615 2276 648 2322 Et
659 2289 722 2336 saepe
737 2274 857 2320 iteratum.

157 2372 159 2379 ·
193 2356 246 2402 Cic.
253 2370 299 2417 pro
311 2355 367 2404 Mil.
378 2371 399 2402 c.
412 2360 450 2404 11.
462 2353 515 2402 Hoc
527 2361 552 2401 et
561 2354 620 2401 ratio
631 2354 718 2408 doctis,
728 2362 753 2400 et
763 2354 894 2400 necessitas
905 2352 1018 2407 barbaris,
1029 2361 1054 2399 et
1064 2368 1117 2400 mos
1127 2354 1251 2415 gentibus,

159 2426 184 2465 et
199 2418 255 2466 ieris
266 2427 348 2467 natum
356 2419 411 2482 ipsa
420 2419 571 2481 prescripsit.
589 2419 629 2465 Id.
639 2417 656 2464 l.
668 2421 690 2463 l.
703 2419 731 2466 de
745 2419 814 2466 Orat.
828 2433 850 2464 c.
861 2420 901 2465 20.

492 2516 507 2544 *
519 2519 542 2562 6.
559 2516 864 2576 Et—et-et-postremm
875 2521 922 2561 cet.

194 2596 279 2644 Cimde
288 2583 366 2646 rimie.
376 2612 398 2644 c.
407 2598 448 2644 29.
458 2595 497 2641 De
504 2594 608 2642 amicitia
616 2609 697 2641 omnes
708 2593 739 2640 ad
749 2608 822 2640 unum
832 2592 897 2640 idem
907 2592 1020 2647 sentiunt,
1028 2599 1054 2638 et
1061 2593 1078 2638 ii
1085 2594 1128 2654 qui
1135 2593 1165 2639 ad
1174 2607 1253 2656 remp.

158 2655 184 2706 ‘se
195 2659 358 2706 contulerunt:
376 2668 402 2707 et
413 2661 430 2706 ii
441 2661 480 2722 qui
491 2673 570 2705 rerum
579 2658 715 2720 cognitione
726 2657 880 2717 doctrinaque
892 2657 1041 2703 delectantur
1051 2673 1058 2701 z
1069 2667 1094 2702 et
1105 2656 1121 2702 ii
1131 2656 1172 2717 qui
1181 2672 1253 2704 suum

107 2759 110 2761 >
157 2723 278 2786 negocium
290 2731 375 2785 gerunt
385 2725 477 2781 otiose3
495 2731 613 2784 postremo
624 2723 650 2776 ii,
666 2721 743 2781 quise
762 2729 825 2767 totos
842 2720 990 2767 tradiderunt
1004 2719 1177 2780 voluptatibus.
1211 2719 1253 2767 Ita

154 2787 264 2842 -Quiattt
274 2787 291 2834 l.
303 2791 327 2836 2.
338 2802 360 2834 c.
371 2792 410 2834 15.
428 2787 460 2833 Et
469 2785 572 2848 pecunia
581 2785 710 2846 persuadet
719 2793 744 2832 et
754 2785 837 2846 gratia,
849 2793 874 2830 et
884 2783 998 2831 autoritas
1014 2783 1125 2838 dicentis,
1136 2795 1160 2830 et
1171 2783 1253 2847 digni·

158 2858 203 2906 tas,
214 2859 239 2897 et
250 2859 370 2913 postremo
381 2859 492 2915 aspectus
502 2850 575 2897 etiam
585 2850 638 2912 ipse
649 2849 701 2896 sine
712 2863 781 2897 voce.
857 2868 859 2872 ·
1052 2860 1060 2865 ‘⁴

593 2944 608 2975 ¹*
620 2944 811 2992 Animadversio.

153 3044 155 3049 ·
183 3025 253 3074 -Cnm
263 3031 353 3080 et-et,
369 3027 466 3088 ponitur
476 3041 519 3088 pro
529 3031 678 3081 cam-*tam
700 3033 766 3078 tunc,
783 3025 804 3071 si
821 3023 958 3086 conjunctio
975 3023 1112 3086 copulativa
1126 3023 1158 3070 ad
1169 3032 1253 3087 partes

159 3090 264 3136 minores
275 3090 403 3153 majoribus
420 3089 554 3154 jungendas
564 3088 756 3149 requiritm,'non
767 3094 799 3141 et,
811 3086 853 3133 sed
862 3102 914 3149 que,
926 3087 964 3133 vel
975 3103 1011 3140 ac,
1023 3087 1143 3149 velutque
1160 3102 1251 3149 ponen-

159 3153 217 3198 dum
228 3159 275 3207 est,
284 3153 462 3215 perspicuitatis
472 3168 550 3200 causa.
580 3152 632 3204 Cic.
641 3152 659 3198 l.
672 3156 710 3198 19.
722 3152 794 3204 Fam.
802 3165 836 3212 cp.
849 3154 889 3198 23.
902 3151 1009 3198 Manlius
1020 3160 1045 3197 et
1055 3167 1149 3213 semper
1158 3168 1198 3199 me
1208 3168 1250 3200 co·

156 3215 205 3267 luit
215 3213 440 3278 diligentissimeque
451 3216 596 3270 observavit,
608 3218 642 3260 et'
652 3229 666 3261 a
678 3213 766 3260 ‘studiis
780 3214 867 3261 nostris
885 3229 932 3260 uon
950 3215 1070 3261 abhorret.
1095 3216 1142 3274 ld.
1155 3215 1171 3262 l.
1186 3221 1211 3264 1.
1222 3219 1252 3266 de

151 3274 233 3327 “Orat
240 3293 262 3324 c·
272 3281 311 3326 21.
327 3278 379 3342 Ego
386 3295 435 3327 non
445 3279 555 3340 despero,
565 3279 615 3324 tote
624 3277 728 3338 aliquem
738 3276 874 3338 aliquando,
885 3276 931 3339 ‘qui
941 3285 967 3325 et
979 3278 1058 3325 studio
1069 3279 1167 3334 acriore,
1178 3293 1252 3341 quam

152 3339 204 3388 'nos
214 3356 296 3389 snmus
307 3339 377 3404 atque
392 3343 486 3397 luimus,
498 3350 524 3388 et
534 3341 582 3388 otio
593 3356 621 3388 ac
636 3339 749 3387 facultate
761 3340 866 3401 discendi
876 3341 965 3405 majore
978 3358 1004 3389 ec
1015 3342 1153 3398 maturiore,
1171 3351 1197 3389 et
1215 3345 1250 3392 la·

159 3405 217 3452 bore
232 3413 303 3466 atque
312 3407 429 3455 industria
438 3407 569 3468 superiore,
582 3404 670 3450 existat
677 3403 734 3450 talis
745 3411 831 3459 orator,
841 3405 936 3467 qualem
943 3406 1076 3466 quaerimus.
1103 3403 1145 3453 lo:
1156 3405 1216 3456 ilio.
1228 3423 1251 3456 c.

160 3471 200 3517 1⁷.
211 3475 237 3515 et
248 3469 264 3516 1.
276 3473 314 3518 13.
326 3471 393 3519 Fam.
404 3485 439 3531 ep.
451 3474 492 3518 22.
506 3470 589 3516 Cesar
598 3468 631 3515 B.
641 3467 674 3516 G.
685 3467 702 3512 l.
714 3472 738 3514 2.
748 3481 770 3515 c.
780 3476 805 3515 et
815 3470 828 3528 §
840 3472 864 3515 9.
875 3476 900 3515 et
909 3469 926 3514 1.
936 3472 959 3516 3.
968 3484 989 3516 c.
1001 3472 1024 3516 8.
1036 3471 1049 3532 §
1061 3473 1085 3517 1.

151 3568 154 3576 .
193 3533 213 3580 ἢ
221 3533 343 3582 Interdum
352 3542 432 3583 tanen
444 3539 534 3580 tantam
547 3529 697 3595 diligentiam
712 3545 760 3577 non
770 3531 893 3588 adhibent,
904 3538 932 3578 ut
941 3532 1032 3579 minora
1044 3532 1146 3580 membra
1155 3549 1201 3596 per
1211 3551 1249 3590 ac,

146 3597 285 3660 ,velutque
296 3598 335 3646 vel
345 3613 389 3660 qao
398 3595 545 3658 conjungant
559 3610 613 3643 cum
624 3593 820 3657 majoribusque
831 3610 875 3657 per
884 3601 964 3644 et—et
971 3595 1057 3656 juncta
1067 3604 1131 3643 satit.
1166 3598 1218 3646 Cic.
1229 3600 1248 3646 l.

151 3664 186 3709 t.
193 3663 223 3710 de
236 3664 307 3711 Oret.
317 3679 338 3709 c.
351 3666 390 3712 97.
406 3661 521 3708 Crassum
529 3661 597 3707 illum
607 3659 706 3707 divitem
719 3667 745 3705 et
753 3660 836 3706 multis
845 3659 898 3706 aliis
908 3660 932 3706 iu
943 3658 1015 3706 relius
1022 3661 1161 3722 elegantem
1171 3661 1251 3710 homi-

149 3738 215 3773 ¹rtem
224 3734 249 3773 et
259 3735 376 3786 omatmu,
385 3731 410 3773 et
419 3725 538 3788 precipue
548 3724 577 3771 in
584 3725 631 3771 hoc
642 3722 762 3771 serendum
774 3731 800 3769 et
811 3723 953 3770 laudandum
962 3731 1028 3787 poto,
1040 3724 1105 3785 quod
1115 3724 1200 3772 solitus
1211 3734 1251 3774 est

149 3786 238 3837 ‚dicere
247 3796 293 3840 ost.
309 3791 348 3839 ld.
359 3791 377 3836 1.
386 3794 426 3838 13.
437 3790 506 3838 Fam.
517 3803 552 3850 ep.
562 3790 602 3836 90.

455 3885 470 3913 “
488 3888 512 3931 6.
522 3883 730 3939 Et-et—ettom5
746 3887 954 3946 estet—quoque.

192 3965 254 4013 Cum
264 3944 438 4028 et'gaminatur,
450 3972 499 4012 tum
518 3961 619 4011 alterum
628 3966 653 4011 et
667 3961 807 4023 saepiuscule
818 3962 931 4010 adsciscit
947 3964 1026 4012 etima.
1062 3966 1113 4012 cte.
1127 3965 1142 4012 Ι.
1154 3970 1179 4013 2.
1193 3967 1250 4016 Art.

159 4044 195 4092 ap.
208 4034 230 4077 1.
255 4029 422 4076 oratiunculas
438 4037 462 4075 et
480 4044 538 4090 quas
550 4027 666 4090 postulas,
678 4033 704 4071 et
713 4026 792 4088 plures
808 4027 879 4073 etiam
889 4027 991 4074 mittam.
1024 4029 1249 4093 Jo.1.1..ttr.ep.

146 4095 200 4142 lwl.
221 4092 464 4142 latrantem.
484 4094 548 4140 Cels.
558 4092 574 4138 l.
587 4094 610 4138 8
622 4105 643 4136 c.
655 4091 678 4135 1.

345 4265 498 4317 ’Potestita
507 4230 1075 4333 adhiberipropter's‘rgrdcadmsnpmqmm.
1155 4321 1157 4325 ¹
