2670 4636
130 294 190 351 418
443 287 614 349 noanon
635 285 876 347 ineassum
1098 293 1229 370 [nutrius

540 468 811 548 mwroemm

497 616 547 676 De
561 613 709 675 Aduerbio
722 614 854 674 Torius.

164 739 188 784 1.
203 735 300 784 Torrrs
319 736 459 800 plerumque
477 737 585 785 absolute
605 736 708 800 ponitur.
733 735 786 784 cte.
801 740 818 785 2
831 735 902 786 Vm.
919 738 997 785 o.tl⁰.
1010 732 1184 796 Totpretoreo
1198 730 1223 780 iu

129 800 211 849 Sicilia
226 802 329 857 fuerunt,
345 803 418 850 toties
435 801 499 864 apud
508 801 612 864 majores
625 809 719 848 nostros
736 799 811 849 Siculi
827 807 935 849 senatum
952 799 1074 855 adierunt,
1092 798 1166 846 toties
1180 797 1223 844 beo

128 866 251 921 mernoria,
262 874 342 915 tamen
349 872 394 916 oet.
427 867 491 916 nte
510 867 578 917 Vm.
594 882 616 914 o.
629 865 770 915 1⁶.etAtt.
788 863 1061 930 l.7.ep.lA.1uterinr
1075 863 1150 911 velim
1166 860 1222 909 mihi

129 929 248 994 ignoscas,
264 931 329 994 quod
339 930 370 979 ad
379 939 405 980 to
413 932 512 980 scribam
523 938 573 979 tam
583 931 658 979 multa
667 929 748 979 toties.

539 1026 570 1075 Ρ.
581 1026 612 1055 ··
622 1030 647 1076 2.
666 1027 842 1090 Tetios-onon

160 1108 217 1220 In'oi
226 1108 244 1155 l.
255 1112 280 1158 2.
291 1125 313 1157 c.
324 1112 363 1158 lt.
389 1108 469 1157 Movit
483 1123 564 1172 regem
580 1106 704 1156 subeunda
720 1106 841 1158 dimicatio
855 1107 935 1165 toties,
946 1105 1012 1170 qnod
1022 1103 1145 1170 conjurati
1155 1119 1220 1170 supe·

127 1186 206 1220 ressen
219 1205 226 1220 .

502 1255 505 1261 ’
545 1274 569 1321 8.
589 1270 801 1335 Tetios—quoties.

160 1366 283 1415 Interdum
292 1367 392 1417 assumit
401 1370 498 1433 quoties.
511 1370 563 1418 cn.
576 1369 642 1418 Fam.
652 1370 670 1417 1.
680 1377 705 1418 et
715 1385 751 1433 ep.
760 1373 786 1418 7.
795 1367 860 1417 Illud
867 1367 933 1416 soleo
942 1365 1032 1424 mirari,
1044 1381 1095 1415 uun
1102 1381 1142 1414 me
1150 1364 1218 1413 toties

127 1433 235 1496 accipere
246 1439 299 1480 tuas
307 1433 395 1490 literae,
405 1434 499 1498 quoties
509 1433 621 1490 aQuinto
629 1433 701 1482 iratis
712 1434 770 1481 mihi
780 1433 919 1482 afferuntur.
935 1433 989 1482 itis
999 1436 1069 1481 tonso
1079 1448 1094 1481 n
1104 1429 1223 1488 mettere!

127 1497 304 1553 astonishment,
321 1498 374 1547 stat
385 1499 401 1548 1
409 1500 468 1548 bone
480 1503 523 1548 not
532 1499 676 1558 benrdsrom
685 1514 731 1564 yon
741 1514 769 1547 ns
779 1499 843 1558 nilon
854 1513 883 1548 ss
892 1498 909 1546 1
917 1497 974 1546 beot
982 1497 1054 1557 ‚nom
1069 1512 1109 1560 my
1120 1495 1218 1544 bootia.

127 1562 168 1610 Id.
185 1562 203 1610 l.
214 1565 237 1610 1.
255 1564 284 1611 do
297 1563 366 1611 Orat.
383 1579 405 1611 c.
416 1567 456 1611 59.
472 1563 526 1610 Hoc
536 1578 580 1611 uos
590 1564 611 1610 si
620 1563 699 1612 facere
715 1564 824 1627 velimus,
844 1569 900 1610 aute
916 1560 1109 1610 condemnentur
1118 1560 1147 1617 ii,
1162 1574 1217 1623 quo·

127 1628 489 1741 ffiioixagiffiefflm'
510 1643 583 1692 quam
608 1629 688 1684 toties,
715 1627 810 1693 quoties
840 1626 1008 1692 prescribitur,
1035 1626 1152 1675 Paeanem
1180 1629 1218 1672 aut

543 1789 558 1820 ³
569 1793 594 1839 4.
612 1789 803 1840 Tetios-donec.

158 1868 248 1918 Senem
259 1869 453 1933 sp.121.1nfsns
460 1886 513 1919 cum
522 1871 580 1919 fletu
587 1870 660 1919 toties
669 1871 778 1935 resurgit,
785 1869 862 1919 donec
872 1868 1061 1934 reperdolorem
1069 1867 1102 1916 sd
1110 1866 1146 1924 id,
1156 1865 1216 1931 quod

124 1939 210 1987 natura
220 1935 305 1998 poscit,
315 1935 427 1984 exercuit.
526 1979 528 1983 .
579 1977 582 1983 .

535 2046 655 2114 'cnrur
681 2021 802 2134 conii.

457 2179 505 2238 De
520 2178 739 2257 Proepositione
750 2177 876 2239 Tantis.

308 2305 320 2329 ⁸
332 2310 355 2355 1.
372 2305 449 2355 ibone
459 2321 512 2354 cum
522 2307 600 2356 verbis
610 2309 716 2371 quietem
724 2315 749 2357 et
759 2316 852 2357 motum
862 2306 1019 2372 signantibus.

156 2369 218 2417 Coes.
230 2369 263 2418 Β.
276 2370 308 2419 G.
318 2371 335 2419 l.
348 2375 370 2420 1.
380 2387 402 2419 c.
413 2375 453 2420 28.
469 2372 592 2435 Germani,
609 2373 651 2436 qni
667 2382 731 2421 trane
743 2372 858 2421 Rhenum
872 2373 989 2431 incolunt,
999 2388 1015 2420 e
1025 2370 1075 2421 suis
1089 2371 1176 2421 finibus
1189 2371 1214 2419 in

122 2432 286 2482 Helvetionrm
306 2437 364 2483 fines
381 2452 411 2483 ne
429 2437 562 2485 transirent.
578 2445 603 2485 et
618 2439 655 2487 ito
671 2452 741 2500 soepe.
775 2438 1082 2499 cte.1.11.Fm.ep.1a.
1098 2437 1215 2485 Antonius

120 2505 202 2562 petere
220 2500 293 2564 coepit
311 2516 326 2548 a
341 2501 464 2558 militibus,
481 2509 510 2549 ut
521 2517 547 2550 se
558 2509 624 2550 trans
641 2502 716 2565 Alpes
732 2513 893 2564 sequerentur.
911 2504 974 2551 Coes.
984 2503 1002 2550 l.
1014 2506 1038 2550 1.
1050 2503 1086 2550 Β.
1100 2503 1133 2550 G.
1141 2517 1164 2550 n.
1176 2505 1214 2551 85.

121 2561 202 2612 Cesar
221 2565 358 2628 postulavit,
379 2581 410 2614 ne
431 2581 503 2630 quam
520 2567 695 2615 multitudinem
716 2567 837 2615 homiuum
852 2567 953 2632 amplius
968 2574 1035 2615 trans
1055 2565 1168 2614 Rhenum
1188 2566 1212 2614 in

121 2627 226 2696 Galliam
236 2631 372 2679 transducat
383 2630 527 2679 Ariovistus.
559 2631 626 2680 Add.
638 2633 689 2681 Cio.
697 2646 742 2696 pro
754 2633 839 2688 Quint.
857 2647 880 2681 c.
894 2637 935 2683 25.
945 2632 999 2680 etl.
1010 2634 1034 2680 8.
1044 2631 1102 2682 Art.
1110 2647 1149 2696 ep.
1157 2634 1197 2681 22.

520 2728 567 2779 ’2.
586 2730 663 2780 Tmss
673 2745 728 2779 cum
742 2744 821 2793 atone·
879 2776 881 2782 .

153 2809 203 2858 cte.
211 2825 255 2872 pro
268 2810 352 2866 Quint·
363 2826 385 2859 o.
398 2816 421 2860 3.
436 2810 512 2859 Trans
522 2810 600 2876 Alpes
610 2827 686 2875 usque
696 2812 842 2860 transfertur.

367 2907 381 2936 ⁸
393 2912 418 2956 2.
431 2904 508 2957 llam
516 2923 559 2971 pro
567 2909 623 2958 indo
633 2924 647 2958 s
657 2909 715 2958 loeis
723 2911 787 2958 altro
797 2910 834 2958 ool
844 2914 911 2958 noes
921 2916 970 2959 eto.

150 2986 234 3039 Senon.
241 3003 278 3050 ep.
288 2991 344 3038 114.
361 2987 396 3037 Ut
406 2987 509 3051 parietes
524 2990 631 3038 advectis
649 2997 714 3038 usus
732 2990 805 3038 maria
820 2991 977 3039 marmoribus
991 2989 1110 3053 fulgeant.
1125 2992 1167 3040 Id.
1183 2991 1211 3039 de

117 3051 204 3109 Benef.
213 3052 230 3099 l.
241 3057 266 3100 ⁶.
277 3068 299 3101 o.
313 3058 352 3102 16.
368 3052 444 3101 Trans
454 3053 532 3117 Alpes
542 3055 633 3103 accitus
642 3055 727 3103 hostie.
738 3055 805 3114 soom
814 3055 904 3120 beyond
911 3057 953 3106 tlte
961 3055 1032 3118 Alps.

527 3216 641 3266 CAPUT
667 3217 801 3268 CCLXXI.

504 3331 550 3391 De
563 3332 711 3394 Adoerbio
725 3333 814 3395 Tum.

570 3463 629 3512 ibon
636 3477 680 3527 pro
690 3468 755 3515 tono.

130 3537 172 3601 §L
180 3540 203 3586 1.
212 3536 274 3586 Tun
290 3553 332 3603 pro
341 3543 396 3589 tneo
406 3540 586 3592 usitatissimum
597 3551 643 3593 est.
657 3545 708 3594 Cic.
715 3559 759 3607 pro
771 3544 856 3602 Quint.
867 3561 889 3594 c.
900 3550 941 3596 24.
956 3542 1016 3592 Tum
1026 3542 1088 3592 mihi
1103 3543 1207 3594 Roscius

112 3602 189 3650 multa
200 3603 354 3652 confirmandi
370 3605 419 3652 mei
429 3622 501 3654 causa
515 3607 583 3657 dixit.
616 3609 655 3658 Id.
666 3610 683 3658 l.
694 3614 718 3659 1.
729 3611 757 3658 de
770 3611 805 3658 Ν.
816 3610 891 3659 Deor.
902 3627 924 3659 e.
935 3612 976 3658 84.
992 3607 1069 3672 prino.
1086 3608 1151 3658 Zeno
1160 3624 1207 3657 uon

111 3678 154 3713 eos
162 3667 248 3724 solnm,
258 3669 360 3730 quitum
368 3678 443 3735 eraut,
454 3672 543 3736 figebat
549 3673 681 3722 maledictis
691 3691 697 3720 :
714 3674 759 3722 sed
769 3675 975 3741 Socratemipeum
985 3668 1090 3723 munem
1100 3674 1206 3724 Atticum

110 3729 184 3780 inisse
194 3732 298 3781 dicebat.

192 3820 194 3827 ’
568 3832 755 3885 2.nrmnnn.
851 3816 854 3824 '

143 3906 226 3957 Cicero
237 3909 332 3973 quidem
343 3910 457 3960 libentius
466 3920 566 3977 usurpat
576 3919 634 3971 tam,
645 3929 715 3979 quam
726 3921 790 3965 tane.

383 4007 398 4036 *
408 4013 433 4058 2.
453 4009 511 4058 Tam
520 4017 575 4073 post
587 4011 647 4059 duos
658 4012 731 4060 ablat.
742 4011 929 4077 consequentis.

126 4081 195 4156 fiio.
205 4083 222 4129 l.
232 4089 257 4135 2.
267 4087 296 4136 de
306 4088 402 4137 Inveni.
412 4105 435 4140 o.
446 4093 487 4138 44.
507 4090 561 4139 Hoc
579 4092 634 4142 loco
651 4076 796 4149 confirmato,
813 4101 866 4143 tum
886 4078 978 4145 diluere
994 4109 1034 4151 ea,
1049 4109 1105 4158 qum
1123 4100 1204 4146 eontra

107 4143 156 4194 drol
165 4154 285 4211 poterant,
303 4153 428 4216 oportebit.
464 4153 527 4201 Add.
538 4157 594 4206 Lio.
605 4157 621 4203 l.
632 4161 656 4205 A.
666 4173 688 4204 c.
699 4161 739 4206 19.
750 4165 775 4206 et
783 4159 801 4205 l.
811 4162 853 4208 22.
864 4175 886 4208 c.
898 4162 937 4208 11.

182 4245 228 4303 ⁸4.
249 4251 310 4304 Tum
321 4254 426 4312 mam,
436 4258 489 4304 lttnt
499 4253 610 4317 deniqne,
619 4258 674 4302 tarn
682 4269 750 4309 nero,
757 4261 817 4315 pust
824 4255 888 4300 duos
895 4253 971 4300 ssim
978 4265 1133 4316 mm«.
1198 4316 1203 4324 „

125 4332 223 4386 Collom.
233 4328 306 4390 l.ll.
317 4353 343 4388 c.
354 4341 398 4390 lt.
425 4336 521 4396 Quare,
529 4341 635 4401 pernati
641 4335 742 4389 brem.
757 4328 1165 4404 mmmmfflbffiifflffi·
1173 4332 1231 4378 W·
