2670 4636
131 272 190 344 lm
450 259 621 335 Hoaa‘rrr‘
648 269 891 332 TURSELLINI
1088 278 1228 355 [erarius

129 428 200 484 viras,
215 440 257 477 sea
275 425 371 482 desunt,
388 437 431 472 seu
441 422 540 486 quidam
557 421 613 470 mali
627 420 729 470 mestus
745 419 917 470 interveniunt.
932 420 987 471 Lis.
999 421 1017 468 l.
1032 425 1058 472 8.
1069 437 1093 470 c.
1103 424 1130 469 7.
1141 428 1168 469 et
1178 421 1195 468 Ι.
1206 425 1229 470 1.

131 509 153 543 c.
163 499 205 544 51.
239 490 495 542 heimmerami&
806 521 809 525 «

507 584 519 609 “
532 590 563 635 5.
575 585 624 635 Seu
634 584 720 648 saepius
731 584 867 648 repetitum.

161 671 218 721 Lim
227 670 322 719 1.21.ο.
331 672 357 718 7.
373 666 404 715 In
418 672 496 716 tantas
510 666 577 715 brevi
592 674 715 714 creverant
730 679 796 730 opes,
812 680 856 714 seu
871 664 1004 724 maritimis,
1020 682 1066 716 seu
1077 633 1228 725 terrestribus

128 735 252 791 fructibus,
263 751 308 783 seu
319 731 476 782 multitudinis
485 732 641 795 incremento,
650 746 692 778 seu
703 732 827 791 amaritate
838 729 979 796 discipline.

560 848 586 895 6.
603 845 653 895 Seis
667 860 722 892 cum
731 845 791 896 eioe.

162 929 279 980 Miscetur
285 929 403 979 interdum
414 942 470 976 cum
477 927 535 976 siue.
564 925 626 976 Cas.
638 926 656 974 1.
666 930 691 975 2.
702 926 736 973 Β.
748 927 778 974 C.
791 942 812 974 c.
822 930 863 976 27.
875 929 923 992 52.
939 925 1102 975 Centuriones
1109 941 1156 976 seu
1164 941 1226 983 vere,

129 1012 202 1062 quam
210 995 349 1052 habueruut,
356 993 494 1057 opinionem
503 990 634 1056 perierunt,
645 990 695 1039 sire
702 991 775 1039 ctiam
786 991 882 1040 auribus
889 991 948 1040 Vari
956 992 1074 1048 eadunt,
1085 990 1232 1040 confirment

128 1063 202 1112 totius
211 1059 333 1110 exercitus
348 1059 442 1106 animos
452 1059 542 1105 alienos
552 1071 605 1104 esse
616 1070 631 1103 a
641 1055 755 1104 Curione.
787 1055 870 1104 *aad
882 1058 921 1106 Id.
931 1058 949 1104 l.
960 1060 984 1104 l.
998 1057 1034 1104 Β.
1046 1057 1081 1105 G.
1092 1072 1117 1104 c.
1126 1061 1169 1106 23.
1179 1059 1194 1119 §
1203 1061 1229 1105 7.·

162 1128 245 1177 Prusa.
256 1125 335 1175 Stiel-
345 1127 370 1173 t.
380 1127 405 1172 l.
422 1121 499 1179 Here,
506 1120 722 1183 siveegotoneam,
731 1137 773 1169 seu
780 1122 872 1185 loquar,
884 1123 933 1171 scio
942 1122 1135 1186 scirete,·quem
1144 1122 1226 1171 malas

129 1198 207 1241 tecum
222 1189 331 1238 miserim
341 1188 490 1238 mutaverim.
522 1184 612 1235 *Add
626 1186 750 1235 Columell.
760 1186 777 1234 1.
788 1197 814 1236 et
822 1203 845 1236 c.
856 1191 879 1236 1.
890 1196 917 1236 et
926 1188 945 1237 1.
954 1195 980 1235 et
988 1203 1012 1236 o.
1021 1191 1048 1237 2.
1060 1195 1136 1251 atque
1148 1190 1188 1238 12
1225 1223 1232 1240 .

536 1299 551 1329 ⁸
562 1303 587 1348 7.
603 1299 817 1350 Seu-seu—eise.

164 1385 240 1435 Tacit·
250 1380 459 1434 tardatura.
470 1382 518 1445 §5-
536 1377 657 1429 Basilides
664 1378 785 1445 sacerdos,
793 1381 909 1444 inspeetis
924 1382 1058 1431 identidem
1074 1381 1150 1448 extis,
1161 1381 1223 1447 quio·

129 1451 187 1516 quid
205 1456 252 1510 est,
271 1448 357 1511 inquit,
373 1445 531 1522 Vespasiano,
549 1445 615 1508 quod
632 1459 710 1522 paras,
727 1460 771 1494 seu
787 1447 885 1523 domum
905 1454 1025 1512 extruere,
1035 1449 1222 1525 'seuuprolatare

127 1515 266 1630 maffia
283 1513 396 1576 ampliare
409 1517 525 1570 sewum
541 1510 611 1559 datur
623 1509 668 1559 tsbr
680 1525 766 1574 magno
780 1513 858 1568 sedes,
875 1522 986 1576 ungentes
1003 1520 1110 1570 temni,
1127 1513 1225 1562 multsm

570 1673 602 1704 ¹*
613 1677 637 1724 8.
652 1673 783 1725 Seis-out.

136 1788 139 1795 ·
161 1759 186 1807 S.
197 1758 230 1807 D.
237 1757 270 1788 '¹’
282 1758 415 1808 Seu-aut.
437 1754 525 1817 Virgil.
535 1754 552 1802 l.
562 1759 587 1803 7.
595 1756 654 1804 AEa.
663 1772 687 1803 v.
695 1759 753 1807 581.
770 1754 808 1804 Ac
817 1756 894 1817 veluti
902 1755 1083 1806 montisssuum
1092 1754 1125 1804 de
1137 1753 1224 1804 vertice

192 1839 234 1887 epe
245 1822 309 1871 Cum
318 1821 366 1871 ruit
374 1820 485 1869 avulsum
492 1826 575 1886 rento,
582 1835 624 1868 seu
635 1820 741 1870 turbidat
754 1821 833 1871 imber
842 1822 943 1888 Proluit,
954 1831 997 1871 aut
1005 1820 1078 1871 aunis
1088 1820 1161 1871 solvit
1170 1819 1221 1870 sub·

128 1839 196 1955 ἵζει·
206 1895 318 1938 vetustas.
352 1887 431 1938 Cerdo
440 1885 481 1934 ibi.

537 2047 652 2098 CAPUT
679 2046 815 2098 CCXLIX·
1254 2094 1256 2101 ·

507 2157 851 2259 De'AdoerdioSonas.
951 2250 955 2258 ι
1105 2250 1110 2259 ¹
1142 2240 1146 2245 ,
1187 2166 1236 2242 ι’

163 2293 245 2342 Sonus
262 2291 351 2340 dictum
366 2297 404 2339 ast
418 2290 486 2355 quasi
501 2292 614 2341 mardes.
647 2291 693 2340 Sed
702 2300 879 2357 usurpaturpro
889 2304 975 2369 quarem
985 2293 1025 2342 vel
1035 2294 1060 2342 si
1069 2292 1113 2343 eis.
1127 2291 1226 2357 prum!

128 2357 862 2485 tristatatramiseralttll·
877 2362 994 2473 5111·
1006 2357 1224 2472 dimisit:

127 2456 213 2538 terium
224 2487 282 2536 mihi
297 2457 371 2535 istum
386 2486 483 2536 exeunti
499 2487 582 2534 urbem
594 2458 653 2552 julie
670 2457 863 2538 sodes’nummas
878 2503 968 2538 curare.
988 2458 1073 2538 'Vara
1093 2491 1138 2539 .7.
1150 2488 1183 2537 R.
1193 2487 1224 2535 R.

129 2559 185 2607 etl.
213 2552 251 2602 De
262 2551 367 2602 Gallinis
377 2553 445 2602 sodes
459 2551 561 2601 Merula

573 2714 685 2765 CAPUT
711 2716 785 2767 ch.

494 2831 543 2892 De
556 2830 704 2891 Aduerbio
720 2832 859 2892 Susurri.

162 2965 186 3010 l.
202 2962 304 3010 Srsrru
315 2975 331 3008 a
340 2961 425 3010 stando
436 2958 537 3025 dietum,
549 2961 616 3025 quasi
626 2964 721 3026 staado,
732 2962 850 3025 significat
860 2961 933 3018 illico,
944 2976 957 3011 e
967 2961 1078 3025 vestigio.
1097 2961 1224 3027 inetutlm

128 3026 296 3089 immediately,
306 3025 474 3088 remigitum,
479 3025 620 3087 sortiretur,
631 3027 729 3076 without
740 3029 816 3092 delay.
843 3027 894 3077 Cic.
906 3027 923 3075 l.
935 3025 1041 3077 121111.
1051 3041 1089 3091 ep.
1103 3031 1145 3076 le.
1165 3026 1224 3076 Phi·

128 3091 219 3154 lippus,
228 3097 257 3137 ut
270 3105 309 3137 me
321 3089 442 3152 salutavit,
458 3092 539 3138 statim
551 3089 653 3138 Romam
668 3091 788 3153 profectus
798 3098 843 3140 est.
876 3093 915 3141 ld.
927 3093 956 3141 de
966 3091 1057 3155 Λαυρ.
1075 3092 1152 3156 Resp.
1168 3108 1190 3142 c.
1202 3095 1224 3140 1.

129 3156 202 3204 Haud
213 3161 295 3217 potest
311 3169 326 3201 a
342 3169 379 3201 me
397 3154 543 3216 gravioribus
560 3154 772 3212 verbisvulnerari,
789 3171 861 3220 quam
877 3166 914 3205 est
930 3157 1008 3204 statim
1025 3156 1053 3204 in
1063 3156 1223 3221 faotoipsoa

129 3220 266 3283 gravissimo
276 3219 328 3266 viro
338 3219 367 3268 P.
384 3219 483 3267 Servilio
492 3219 614 3268 confectus
631 3235 659 3268 ac
669 3222 809 3269 trucidatus.
842 3222 881 3271 ld.
900 3223 972 3271 Orat.
987 3220 1165 3288 c.10.1taque
1179 3224 1222 3272 hoc

129 3284 210 3333 stetim
220 3297 270 3332 arm
282 3297 415 3346 aggressus,
427 3283 519 3332 Catone
531 3284 646 3333 absoluto.

533 3395 544 3420 ⁸
556 3403 580 3447 2.
596 3397 687 3448 Statim
692 3399 818 3464 principio.

159 3477 215 3527 Lim
226 3477 245 3526 1.
254 3481 278 3527 3.
295 3493 317 3527 c.
327 3479 368 3526 22.
384 3476 459 3526 Fabio
472 3484 498 3525 et
515 3477 627 3526 Cornelio
643 3479 789 3545 consulibus,
806 3480 924 3545 principio
934 3479 991 3530 anui
1001 3480 1083 3529 stetim
1094 3495 1135 3530 res
1142 3481 1221 3530 turbu·

125 3543 206 3599 lentae.
224 3543 263 3592 Id.
274 3543 291 3591 l.
302 3547 326 3591 t.
336 3559 358 3590 c.
368 3547 408 3592 52.
425 3541 451 3590 Is
461 3541 578 3606 principio
588 3543 668 3591 statim
678 3545 744 3607 anni,
754 3547 821 3593 velut
835 3562 935 3610 pensum
945 3546 1050 3602 nominis
1066 3545 1221 3611 mutaque,

123 3607 255 3656 seditiones
265 3607 370 3672 -sgraiis
387 3607 480 3670 legibus
497 3607 673 3671 promulgandis
687 3610 774 3658 ciebat.
806 3610 844 3659 Sic
855 3612 913 3660 idid.
924 3627 946 3659 c.
957 3615 998 3660 53.
1021 3610 1132 3676 Impigre
1150 3612 1222 3676 primo

124 3673 205 3721 statim
224 3673 338 3734 adventu,
353 3672 454 3735 dejectis
470 3673 511 3736 qui
529 3673 556 3719 iu
571 3673 682 3736 prasidio
700 3685 775 3731 erant,
791 3690 868 3724 arcem
883 3676 972 3725 Consul
986 3676 1090 3740 recepit.
1124 3677 1221 3727 Saloe.

123 3739 239 3788 «ludat.
256 3737 365 3786 Comites
382 3753 508 3801 servosque
522 3747 621 3787 caeteros
637 3740 664 3788 in
681 3739 751 3787 initio
769 3743 848 3788 statim
865 3741 895 3789 ad
912 3741 1079 3806 expediendae
1098 3740 1219 3805 pecunias,

125 3802 210 3865 quibus
220 3802 385 3868 redimeretur,
396 3802 525 3852 dimiserat.

492 3899 506 3929 '¹
515 3903 539 3949 3.
549 3901 640 3951 Statim
650 3918 673 3952 o.
693 3901 783 3952 Statim
791 3909 853 3966 post.

160 3979 283 4028 Columell.
292 3980 309 4027 l.
320 3984 360 4030 11.
370 3997 393 4030 o.
406 3986 429 4030 1.
456 3980 509 4029 Hoc
524 3982 643 4030 custodire
659 3988 753 4048 oportet
767 3983 883 4044 villicum,
902 3998 933 4032 ne
949 3985 1031 4032 statim
1046 3986 1153 4049 aprima
1168 3987 1219 4034 luce

126 4042 217 4090 familia
233 4053 373 4093 cunctanter
390 4054 415 4094 et
429 4046 541 4108 languide
557 4048 679 4110 procedat.
713 4049 812 4099 Sueten.
833 4051 895 4098 Cres.
913 4065 935 4096 c.
950 4053 991 4099 85.
1019 4050 1094 4098 Plebs
1109 4052 1218 4099 statima

125 4109 209 4155 sunere
221 4108 251 4154 ad
263 4109 358 4158 domum
367 4110 436 4159 Bruti
444 4117 468 4158 et
479 4109 558 4158 Cassii
568 4128 622 4159 cum
630 4113 721 4161 facibus
728 4113 838 4163 tetendit.
866 4115 906 4163 Id.
922 4115 1018 4178 Vespos.
1029 4131 1052 4164 c.
1064 4119 1105 4166 ll.
1125 4117 1217 4165 Pallori.

123 4173 242 4223 Febntar.
257 4173 297 4221 tit.
315 4179 355 4224 15.
366 4182 429 4223 extr.
453 4174 539 4222 Statim
551 4185 606 4238 post
623 4177 766 4239 putationem
782 4188 902 4228 sarmenta
921 4180 1105 4239 decus-uineis,
1124 4180 1217 4236 strubi,

115 4247 144 4289 et
160 4240 366 4306 impedimentum
386 4240 484 4292 fossoris
502 4256 574 4290 omne
588 4240 696 4290 tollatur.
729 4244 828 4293 Statua.
843 4243 908 4304 Aug.
920 4260 945 4291 c.
955 4249 1005 4296 82.
1032 4245 1216 4300 Exercitationes

104 4319 262 4377 campestres
274 4325 395 4378 equorum
406 4317 432 4360 et
442 4323 569 4360 armorum
576 4307 661 4357 statim
668 4314 729 4372 post
737 4307 989 4358 duiluauellaomiixt.
