2670 4636
118 271 178 331 350
305 321 310 328 .
392 263 597 333 ‚nostru
617 261 858 323 ruasntttrtt
1104 260 1201 343 [santa

117 409 210 459 sade
222 410 374 459 Oret-alti.
400 405 684 455 MancinusinSenatam
694 403 989 453 mmimnmdnhimit.
1019 404 1060 454 11.
1071 404 1206 456 imm·

116 489 139 523 ο.
146 478 186 523 19.
202 474 237 523 Te
244 474 361 522 hominem
370 469 578 527 samantneme
588 469 678 533 aliquot
687 469 947 518 annosminorernnatn
956 485 1003 518 non
1010 469 1096 519 dubito
1106 484 1206 519 monere.

148 537 184 585 At
194 553 249 586 cum
262 536 435 586 dubitationem
449 535 574 598 significat,
587 534 705 582 moniam
720 535 811 599 respuit
827 533 891 599 apud
902 535 1024 583 Oratores.
1057 534 1146 599 Itaque
1161 550 1205 583 noa

117 594 207 651 dicem'
217 604 274 652 Noa
284 603 366 652 dotto
377 608 401 649 te
406 601 538 661 sactorum,
550 599 592 646 sed
601 600 656 662 quia
664 599 822 658 sissactaras.
854 600 907 648 Ita:
927 599 993 654 Quia
1000 601 1042 649 iiie
1048 603 1082 647 sit
1090 607 1206 656 neuturus,

117 682 179 714 non:
197 668 471 724 tremescentem,
489 672 515 713 et
531 670 611 712 cetera
625 665 710 710 eodem
725 662 810 711 modo:
828 662 945 727 siqnidem
964 663 1086 727 pracedat
1103 667 1207 727 negatio.

115 730 488 794 Alioquinadsciscitoraoerrrm,
498 733 536 785 de,
545 728 715 791 petatem
723 727 813 791 aliquid
820 728 957 791 ejusmodi¹
977 730 1060 778 Plorat.
1074 729 1206 791 Copti-3.

117 797 152 844 At
167 799 241 844 etiam
260 795 376 849 dubitavi,
395 795 441 842 hos
457 793 565 842 homines
584 807 694 849 emerem,
715 807 746 839 an
762 807 810 839 non
827 807 938 848 emerem,
957 793 1007 842 diu.
1045 794 1125 842 ctae
1143 794 1207 844 Verr.

116 863 191 909 σ.89.
213 860 326 909 Desinite
336 859 454 913 dubitare,
465 868 542 906 utrurn
556 857 685 912 situtiiius,
697 866 795 920 propter
804 857 891 904 multoe
906 857 1028 919 improbos
1044 859 1087 905 uni
1103 874 1206 920 putere,

117 939 157 981 an,
173 930 218 975 cet.
253 926 317 975 ido
333 925 361 973 V.
371 940 394 972 c.
404 929 445 972 29.
462 923 534 971 Potes
550 922 581 969 de
598 916 751 969 darrinatione
766 921 893 971 dubitare?
927 922 966 970 Is.
984 922 1000 970 1.
1011 928 1036 971 4.
1048 921 1128 971 Aocd.
1149 922 1208 972 Cam

117 989 242 1044 dubitavit,
253 988 311 1052 quid
321 989 353 1035 sit
362 996 503 1036 extremum.
534 987 574 1035 Id.
584 986 600 1034 1.
611 989 634 1035 9.
642 989 670 1034 de
680 986 733 1051 Off.
741 1003 763 1034 c.
776 993 815 1035 19.
831 986 898 1042 Hac,
908 1001 956 1033 non
964 995 1035 1049 torpe
1043 996 1090 1043 est,
1100 986 1207 1036 dubitare

118 1053 285 1116 Philosopbos,
299 1069 352 1117 qua
363 1068 393 1100 ne
403 1053 487 1100 rustici
502 1050 599 1115 quidem
609 1050 736 1098 dubitent?
771 1051 784 1080 ¹
797 1052 837 1099 Id.
846 1051 955 1115 proMii.
971 1067 992 1100 c.
1005 1057 1045 1101 17.
1064 1051 1167 1109 Dubito,
1184 1055 1207 1100 ei

114 1119 189 1167 t’oisse
198 1119 344 1172 nunciatum,
362 1116 452 1181 Cyrum
465 1116 619 1165 architectum
632 1130 685 1163 esse
699 1121 822 1163 mortuum.

149 1183 182 1213 '¹
194 1181 337 1232 Castior-s
348 1179 483 1229 Latinitatis
496 1181 595 1241 scriptor
603 1179 674 1228 Corn.
683 1179 767 1242 Nepos
776 1189 857 1229 contra
865 1179 987 1230 Ciceronis
996 1196 1066 1229 usuro
1074 1196 1123 1230 noa
1131 1181 1208 1231 detta

72 1277 75 1285 ·
118 1262 211 1311 semper
220 1246 337 1295 infinitivo
343 1245 438 1309 junxit:
463 1245 526 1292 utin
539 1245 613 1304 Proef.
645 1243 699 1291 Non
711 1243 795 1292 dubito
804 1245 854 1294 iore
865 1246 999 1309 plerosque·
1014 1253 1059 1308 pro'
1069 1249 1129 1309 quin
1137 1247 1208 1295 futuri

116 1312 173 1360 sint.
206 1310 269 1375 Nep·
279 1312 348 1360 11111.
359 1325 380 1358 o.
390 1315 415 1359 1.
431 1308 554 1356 Miltiades
564 1323 612 1355 non
624 1309 744 1366 dubitans,
754 1319 804 1357 tam
815 1310 893 1358 multis
904 1309 1013 1364 consciis,
1024 1311 1055 1358 ad
1068 1310 1131 1374 regis
1142 1327 1206 1361 aures

116 1374 270 1424 condieras
286 1382 434 1439 perventura.
448 1389 492 1436 pro
505 1374 563 1435 quin
576 1382 721 1435 perventura
738 1382 825 1422 essent.
857 1377 948 1435 Agesii.
959 1391 981 1421 c.
992 1377 1016 1422 1.
1033 1376 1204 1424 Barbarusnon

117 1441 237 1501 dubitans,
253 1456 284 1488 eo
301 1439 448 1504 potissimum
464 1440 545 1485 hostes
563 1437 676 1500 impetum
693 1439 804 1487 facturos.
828 1441 941 1502 proquin
954 1439 1042 1487 facturi
1057 1450 1148 1491 essent.
1176 1442 1208 1490 Et

116 1519 187 1553 mox:
203 1505 272 1553 Vidit
292 1506 372 1552 hostes
391 1519 440 1550 non
457 1502 596 1558 credituros,
615 1502 721 1565 aliasque
741 1505 848 1565 regiones
867 1511 1032 1566 occupaturos,
1052 1519 1099 1553 nec
1117 1505 1208 1553 dubita·

117 1577 191 1625 unes,
208 1569 275 1617 atiud
285 1585 338 1617 esse
353 1569 469 1616 iacturum
481 1582 508 1615 ac
523 1568 711 1630 pronunciasset.
743 1567 805 1616 Vide
818 1569 1004 1617 Commimmd.
1040 1569 1114 1617 *esd
1127 1571 1208 1620 ctam

118 1633 182 1681 filios
198 1633 215 1682 1.
226 1638 266 1682 lo.
279 1635 348 1684 Fora.
357 1648 394 1696 sp.
406 1636 445 1680 21.
462 1631 550 1680 Gratos
559 1632 604 1679 tibi
612 1639 754 1696 optatosque
764 1647 826 1687 esse,
837 1634 878 1696 qni
890 1635 921 1680 de
934 1649 973 1680 me
989 1648 1096 1682 rumores
1107 1635 1207 1683 afferun-

120 1706 229 1757 tur,non
239 1699 331 1747 dubito.

378 1798 403 1844 6.
422 1793 495 1851 Quia,
506 1809 548 1858 pro
559 1795 615 1858 qaia
626 1810 681 1851 aon,
694 1810 747 1858 μοι
757 1810 812 1851 aon.
824 1797 884 1858 quod
893 1809 950 1846 non.

150 1879 219 1941 Sope
228 1877 285 1940 quis
294 1882 420 1938 usurpatur
432 1891 476 1938 pro
487 1875 528 1938 qai
538 1889 594 1934 aon,
603 1890 656 1938 que
664 1890 720 1930 noa,
729 1877 790 1938 qaod
799 1890 855 1923 noa.
866 1876 941 1924 ctat
958 1876 1029 1924 Verr-
1039 1892 1063 1925 a
1073 1881 1116 1926 54.
1131 1877 1209 1925 Nemo
1250 1891 1252 1895 ·

118 1942 221 2007 Lilybaei
231 1943 286 1997 tuit,
315 1939 357 1988 uin
374 1940 472 1988 viderit:
490 1954 561 1986 nemo
575 1939 601 1988 ia
619 1939 711 1994 Sicilia,
722 1941 780 2003 quin
798 1939 910 1987 audierit.
928 1941 1061 1990 ideramus
1076 1942 1169 2005 aetery
1182 1946 1210 1992 st

118 2008 251 2084 Liipdstrm,
266 2021 289 2055 so
327 2005 421 2055 didaet
438 2005 514 2054 sesit.
538 2006 606 2053 lat
622 2005 722 2053 Vermc.
737 2009 756 2052 Ι.
785 2003 855 2065 Nego
871 2005 942 2052 uliam
953 2019 1070 2068 gemmam
1086 2015 1130 2053 snt
1146 2020 1209 2053 mar-

115 2071 308 2136 gantamfuisse‚
339 2072 379 2116 uin
393 2068 517 2132 quesierit,
528 2067 668 2131 inspexerit,
678 2069 810 2117 abstulerit.
826 2068 849 2116 it.
864 2086 884 2116 e.
894 2084 964 2133 quani
976 2084 1034 2117 oon.
1062 2071 1146 2119 taso
1158 2071 1207 2126 Qu.

119 2137 164 2185 fr.
180 2136 197 2182 l.
208 2144 278 2198 step.
291 2139 315 2182 1.
352 2148 438 2196 esque
455 2141 480 2180 et
493 2134 532 2179 via
548 2133 606 2180 nihii
623 2133 763 2195 pretermisi
773 2133 875 2197 quadam
890 2134 1065 2198 epistola,quin
1080 2135 1206 2183 enucleate

118 2201 148 2248 ad
165 2206 189 2247 te
204 2199 379 2262 perscriberem.
394 2195 578 2260 proquodoon.
611 2196 756 2247 imitat.
775 2203 891 2261 step-12
915 2197 977 2246 Dies
994 2215 1049 2246 vero
1065 2199 1144 2247 nuilus
1161 2207 1209 2255 est,

116 2263 176 2329 quin
186 2263 227 2311 hic
237 2263 328 2310 Satrius
338 2261 433 2308 domum
444 2275 522 2308 meam
532 2261 643 2308 ventitat.
659 2263 677 2310 i.
688 2278 709 2310 s.
721 2277 769 2324 qno
779 2277 836 2310 oon.
935 2263 940 2269 ’

209 2379 233 2426 1.
247 2347 313 2432 Qaia
323 2375 374 2422 sine
383 2364 576 2437 interrogatione,
589 2389 629 2436 pro
641 2375 723 2424 Imruo.
742 2376 806 2431 Quia
815 2377 889 2425 etiam
898 2391 940 2439 pro
951 2376 1028 2425 Immo
1038 2377 1119 2426 etiam·
1181 2427 1186 2433 ,

150 2454 271 2504 interdum
289 2462 369 2503 autem
381 2454 520 2502 adverbium
536 2455 593 2517 poia
605 2463 732 2518 usurpator
742 2471 784 2518 pro
801 2457 880 2505 immo.
916 2457 967 2506 Cic.
978 2457 996 2505 1.
1005 2460 1030 2505 t.
1044 2458 1113 2507 Fam·
1125 2474 1160 2522 ep.
1172 2461 1211 2507 sl.

118 2521 186 2579 Quin
203 2521 258 2569 hinc
274 2522 328 2583 ipse
342 2520 436 2567 evolare
450 2521 529 2581 cupio.
564 2521 602 2568 id.
616 2535 659 2580 pro
671 2521 726 2569 Mt.
737 2537 759 2569 c.
771 2525 811 2570 99.
829 2521 891 2578 Quin
910 2521 944 2568 sic
963 2523 1088 2578 attendite,
1101 2521 1207 2578 Jndices‚

118 2602 205 2650 nempe
216 2586 267 2633 haec
279 2593 316 2632 est
326 2584 425 2648 quaestio
436 2584 466 2631 de
477 2584 574 2631 interitu
586 2584 673 2632 clodii.
690 2583 755 2633 Add.
767 2587 805 2634 Id.
815 2587 831 2634 1.
844 2591 882 2635 11.
891 2585 946 2634 Α11.
955 2601 991 2648 ep.
1000 2589 1025 2634 1.
1033 2595 1059 2634 et
1068 2588 1084 2634 1.
1093 2591 1118 2635 9.
1125 2604 1162 2651 φ.
1172 2591 1211 2636 11.

119 2651 196 2700 tado
206 2650 262 2700 Am.
273 2666 295 2698 e.
307 2654 347 2699 16.
364 2649 429 2707 Quin
443 2649 516 2696 etiam
530 2663 629 2696 necesse
640 2651 683 2697 erit
700 2663 796 2713 cupere,
812 2659 836 2697 et
845 2657 935 2713 optare,
946 2659 973 2698 nt
986 2665 1059 2713 quam
1077 2652 1209 2716 sepissime

117 2723 204 2780 peccet
214 2716 311 2763 amicus.
328 2729 384 2778 aoy,
395 2715 424 2762 te
433 2715 495 2763 sicii
505 2729 561 2762 soen
572 2715 632 2763 misit
642 2717 690 2763 aad
699 2716 784 2769 desire,
795 2716 855 2768 that,
866 2719 906 2777 isc.
942 2715 980 2762 id.
993 2717 1008 2763 Ι.
1021 2721 1046 2766 7.
1061 2716 1130 2765 iam.
1141 2735 1176 2781 ep.
1187 2721 1210 2765 1.

119 2780 256 2828 Delectatio
274 2780 340 2827 nulio
359 2779 469 2827 exstitit:
490 2779 546 2840 quin
563 2779 635 2826 etism
652 2780 811 2828 misericordia
829 2787 957 2828 consecuta
975 2789 1020 2828 est.
1055 2780 1070 2809 ⁹
1080 2781 1150 2831 Add.
1169 2783 1208 2832 ta

118 2846 136 2896 1.
148 2851 171 2895 1.
184 2847 214 2896 de
224 2845 277 2910 Off.
290 2846 531 2908 ε.999119.ο1ρνο
541 2843 597 2892 Mil.
610 2859 632 2892 c.
642 2847 665 2892 9.

479 2957 494 2986 ⁸
505 2959 528 3004 9.
548 2957 612 3012 Quin
628 2957 683 3018 imo,
694 2957 749 3018 quia
762 2957 848 3019 potios.

154 3038 205 3086 cte.
216 3037 234 3084 1.
246 3042 269 3084 1.
280 3037 336 3085 Art.
346 3052 382 3099 cp.
396 3039 434 3085 1⁰.
452 3036 515 3092 Quin
525 3037 573 3083 imo
583 3038 646 3084 inter
656 3052 682 3083 se
691 3036 816 3084 dissident.
851 3038 917 3086 Piia.
930 3039 946 3085 l.
959 3041 982 3086 1.
993 3055 1029 3102 ep.
1041 3044 1065 3088 8.
1082 3039 1151 3097 Quin
1163 3041 1210 3090 ineo

117 3101 217 3149 fortasse
232 3103 292 3148 hanc
307 3102 384 3165 ipsam
394 3101 569 3148 cunctationem
583 3109 683 3148 nostram
696 3103 720 3146 in
730 3102 866 3148 alterutram
881 3105 1024 3150 sententiam
1036 3105 1211 3155 emendationis

118 3164 177 3212 'ratio
194 3165 305 3212 deducet.
338 3165 392 3213 tto.
410 3166 426 3211 1.
437 3169 478 3214 26.
493 3181 514 3212 c.
527 3169 565 3213 19.
593 3165 637 3212 His
647 3166 767 3213 miraculis
778 3172 898 3230 nunquam
908 3167 1000 3230 abipso
1011 3168 1078 3216 elusa
1089 3169 1210 3219 fidesest:

117 3229 175 3294 quin
184 3229 260 3305 potius
271 3237 341 3276 aucta
348 3237 398 3276 arte
407 3228 510 3293 quadam
519 3244 564 3277 nec
575 3229 694 3277 abnuendi
704 3230 752 3277 taio
763 3231 898 3295 quicquam,
909 3247 954 3279 nec
964 3232 1042 3294 paiarn
1054 3233 1196 3286 affirmandi.

542 3344 557 3372 ¹
568 3346 592 3391 9.
611 3343 676 3398 Quia
696 3349 785 3392 contro.

151 3421 207 3471 laio.
216 3422 234 3468 1.
245 3429 268 3468 et
279 3437 301 3469 c.
313 3426 352 3470 tl.
374 3422 429 3470 Non
446 3422 537 3478 inicias
555 3424 624 3479 imus,
643 3423 760 3480 civitates,
778 3440 830 3487 quse
849 3425 874 3471 in
894 3432 959 3486 parte
977 3425 1211 3490 Carthaginiensium

117 3487 221 3544 fuerunt,
236 3485 403 3549 stipendiarias
417 3488 487 3535 nobis
503 3503 530 3534 ac
547 3489 677 3551 vectigales
693 3503 753 3536 esse.
770 3489 833 3546 Quin
849 3497 939 3544 contra,
951 3490 995 3538 hoc
1005 3497 1031 3537 st
1041 3507 1084 3539 vos
1094 3501 1122 3541 et
1132 3503 1215 3541 omnes·

119 3559 204 3613 gentes
214 3553 274 3599 scire
285 3553 402 3606 volumus,
415 3555 550 3615 promerito
562 3555 648 3615 cuique
657 3569 714 3616 erga
728 3569 771 3601 nos
783 3556 897 3602 fortunam
909 3570 970 3602 esse.
1004 3556 1044 3602 Id.
1055 3557 1072 3604 1.
1084 3561 1127 3606 95.
1139 3575 1160 3605 c.
1171 3562 1210 3606 26.

118 3617 187 3664 Nihil
198 3631 228 3664 ea
235 3632 272 3663 res
284 3617 387 3664 animum
400 3617 508 3665 militaris
516 3618 568 3672 viri,
577 3626 602 3664 et
611 3619 698 3666 multos
709 3619 804 3681 experti
811 3634 887 3672 casus,
898 3619 1031 3667 imminuit:
1049 3622 1110 3684 quin
1120 3630 1210 3679 contra,

118 3681 139 3728 si
151 3680 210 3728 inre
221 3681 308 3740 novali,
319 3681 383 3744 cnjus
394 3691 457 3729 esset
466 3681 572 3744 ignarus,
583 3683 731 3738 offendisset,
744 3698 774 3731 eo
789 3685 844 3745 plus
854 3683 878 3730 in
889 3699 925 3746 ea,
937 3698 1037 3746 quorum
1048 3701 1093 3732 usu
1106 3688 1211 3743 calleret,
1251 3696 1253 3700 “

117 3746 168 3808 spei
178 3755 272 3804 nactos,
288 3746 358 3793 breve
374 3748 398 3793 id
411 3756 513 3811 tyranno
523 3747 634 3810 gaudium
644 3763 671 3795 se
689 3748 826 3795 effecturum
845 3748 981 3795 affirmabat.
1014 3750 1079 3797 add.
1093 3752 1132 3800 Id.
1143 3752 1160 3798 l.
1170 3754 1210 3800 tt.

117 3812 372 3861 c.1t.etl.6.c.3t.

453 3944 484 3950 ..-
650 3945 758 3952 ..--.-..-

153 4031 301 4079 ¹Intcrdurn
317 4033 388 4081 etiam
405 4034 462 4095 quia
477 4048 520 4095 pro
538 4050 576 4082 aa.
611 4034 662 4082 Cic.
676 4035 702 4082 ia
717 4036 832 4084 Geato.
845 4039 869 4084 5.
896 4034 971 4091 Quasi
987 4051 1043 4084 vero
1055 4037 1157 4085 dutiium
1174 4039 1214 4094 sit,

117 4095 176 4158 quin
191 4103 241 4143 tota
253 4097 294 4143 lex
308 4096 337 4144 do
349 4098 457 4160 pecuniis
471 4098 612 4161 repetundis
627 4098 743 4146 sociorum
758 4115 829 4147 carisa
849 4099 977 4148 constituta
987 4100 1027 4148 sit.
1051 4102 1090 4149 Id.
1103 4107 1134 4152 18
1147 4103 1213 4152 Pttt.

116 4176 139 4214 c.
150 4164 189 4209 19.
201 4159 272 4216 Quod
279 4162 299 4207 si
309 4162 362 4223 quis
373 4165 452 4210 adhuc
462 4161 570 4210 dubitare
580 4163 666 4224 potuit,
686 4164 742 4226 quin
753 4165 820 4212 uuila
835 4165 936 4212 sociem
947 4165 1002 4212 huic
1014 4166 1094 4213 ordini
1104 4183 1160 4214 cum
1171 4169 1213 4215 itta

112 4222 191 4274 bellua
203 4226 280 4290 possit
295 4241 359 4292 esse,
374 4226 470 4276 desinat
483 4228 591 4290 proiecto
608 4227 716 4282 dubitare
727 4234 772 4277 oet.
787 4244 829 4292 pro
840 4243 870 4276 an
880 4230 937 4277 alia.
971 4232 1038 4278 [aa
1053 4231 1125 4281 Verr.
1136 4248 1158 4280 c.
1170 4237 1212 4282 11.

22 4284 27 4296 '
103 4292 233 4352 Dubitate,
254 4293 277 4342 si
293 4293 408 4361 potestis,
425 4293 552 4359 quiricum
568 4293 619 4342 iste
627 4291 782 4356 potissimum
794 4307 829 4338 ex
841 4292 908 4338 omniu
918 4294 1154 4353 uumerodeteaer'xm
