2670 4636
161 234 182 291 4
601 232 827 301 PRAEFATlO.

158 394 199 457 ad
212 393 317 456 Musas
338 395 430 457 hasce
450 396 602 478 paulisper
616 397 799 460 redeundum
814 396 885 459 mihi
900 399 1011 480 putari.
1052 399 1168 460 Etenim
1181 399 1259 473 dies,

158 503 190 555 ct
202 492 308 554 veteris
330 493 421 554 studii
434 495 621 575 propagatio,
641 496 724 556 varia
744 496 814 556 mihi
832 496 945 556 dudum
960 497 1172 578 suppeditaret,
1188 518 1257 578 quae

157 591 252 652 tertioe
267 589 358 651 libelli
372 589 459 673 hujus
474 591 597 671 editioni
613 592 780 677 necessaria
795 593 982 655 ridebantur.
1023 593 1154 654 Primum
1178 596 1256 655 enirn

157 687 259 748 multae
273 688 393 748 fuerunt
407 687 504 750 Latini
523 691 666 752 samsonis
689 678 945 772 particulaequas
964 691 1052 771 hujus
1066 692 1131 751 libri
1148 711 1257 752 nomen

156 785 321 846 consociari
346 786 527 866 postulabat.
570 787 687 849 Deinde
702 789 838 868 quaedam
853 790 939 868 quasi
960 789 1123 850 necessitas
1146 788 1256 870 exegit,

155 892 191 941 ut
204 901 315 955 earum,
326 902 394 963 quae
414 883 527 948 dudum
548 885 596 946 bic
610 901 848 965 comparuerant,
863 885 1105 966 significationes,
1120 897 1258 946 constru-

156 976 281 1067 odones,
302 986 468 1059 ceteraeque
488 983 683 1061 proprietates
704 981 901 1063 explerentur.
944 983 1044 1043 Hrec’
1036 983 1124 1062 igitur
1139 983 1255 1043 curavi·

93 1078 96 1085 '
154 1094 221 1169 rpus
246 1084 279 1151 ut
302 1070 416 1137 fierent.
452 1073 602 1137 Praeterea
622 1095 702 1135 nuno
715 1078 955 1141 observationum
970 1079 1155 1161 quarundam
1172 1099 1256 1153 usus,

154 1142 214 1232 ribi
226 1168 257 1231 id
279 1146 347 1234 fieri
355 1173 462 1253 potuit,
487 1173 657 1235 melioribus
672 1175 779 1235 muniri
799 1174 890 1254 coepit
910 1177 1128 1237 autoritatibus.
1169 1177 1256 1235 Non-

154 1242 258 1361 abilis
259 1270 420 1331 etiamnum
434 1269 569 1332 defuerat
579 1273 663 1333 locus
678 1291 764 1352 quasi
755 1270 897 1342 natalis,
912 1292 1001 1350 quarn
1017 1271 1187 1350 diligentius
1201 1273 1255 1334 de-

155 1340 265 1453 signali
284 1366 381 1447 operis
398 1364 507 1448 hujus
500 1369 667 1429 institutum
687 1368 788 1429 itidem
802 1367 964 1448 requisivit.
1006 1367 1110 1428 Multis
1126 1367 1254 1448 denique

152 1458 363 1576 particularum
391 1462 669 1545 significationibus
688 1465 870 1527 commodior
900 1485 980 1524 nunc
1010 1465 1180 1544 assignatus
1208 1475 1255 1525 est

152 1546 340 1647 locuuntur
353 1561 419 1643 ipso
433 1582 553 1673 quoque
564 1562 668 1624 ordine
681 1563 774 1643 major
788 1563 846 1622 illis
862 1561 914 1622 lux
928 1573 958 1622 et
971 1561 1101 1642 dignitas
1114 1560 1254 1641 quaedam

154 1630 316 1745 afferretur.
359 1659 397 1719 Et
411 1653 552 1740 quoniam
567 1660 628 1720 duo
643 1661 803 1722 extiterunt
822 1660 1016 1722 clarissimi
990 1680 1042 1719 vrrr
1035 1660 1253 1720 Heumannus

151 1761 184 1825 et
197 1748 396 1839 Facciolatus,
420 1776 545 1837 quorum
563 1778 640 1817 unus
656 1757 819 1837 augendas,
835 1757 877 1817 alt
865 1767 907 1817 ter
921 1755 1123 1836 corrigendas,
1138 1757 1254 1835 putavit

152 1834 373 1943 observatioqes
396 1864 533 1914 nostras.
562 1855 648 1914 nobis
668 1853 716 1914 hio
731 1853 897 1915 laciendum
911 1853 977 1926 luit,
992 1853 1165 1912 utbreviter
1180 1853 1253 1912 utri-

153 1964 212 2035 que
239 1947 477 2028 responderetur.
518 1953 557 2011 Et
585 1950 756 2011 Heumanni
783 1951 902 2031 quidem
929 1949 1165 2011 emendationem
1193 1948 1251 2008 loci

153 2040 340 2130 Ciceroniani
362 2039 485 2108 Milon.
497 2068 524 2108 c.
540 2050 591 2110 21.
608 2048 849 2129 improbavimus,
869 2067 959 2127 quum
982 2047 1029 2109 rel
1051 2046 1137 2107 unius
1157 2046 1251 2111 literae

152 2142 344 2202 commutatio
357 2141 466 2204 bellam
481 2144 566 2205 nobis
582 2146 759 2206 sententiam
771 2144 926 2206 conficiat:
953 2157 987 2204 ut
1007 2144 1038 2203 in
1052 2144 1252 2204 monumentis

151 2234 337 2316 ingeniorum
348 2239 461 2300 dudum
476 2242 605 2303 ostendi.
649 2243 730 2301 ldern
746 2241 843 2320 plures
859 2241 959 2301 libello
971 2240 1039 2300 addi
1055 2241 1146 2300 voluit
1160 2241 1253 2319 parti·

152 2322 237 2417 bulas
258 2346 288 2413 et
302 2332 510 2416 particularum
525 2338 767 2418 significationes,
782 2357 849 2417 quae
863 2338 894 2396 in
909 2357 944 2397 eo
955 2336 1131 2418 jampridem
1146 2339 1253 2416 reperi·

151 2422 285 2515 ebaptur.
306 2420 475 2496 Admodum
489 2434 574 2496 ιιιὶιιιΙ
583 2436 622 2495 de
635 2435 776 2515 gradibus
792 2436 889 2494 aetatis
903 2433 1040 2493 humanae
1055 2433 1123 2503 dici,
1135 2452 1172 2491 ex
1184 2431 1253 2512 ipsa

151 2521 305 2607 particulae
320 2515 399 2591 illius
411 2531 582 2592 definitione
595 2531 707 2612 liquet:
729 2551 789 2611 qua
804 2531 842 2591 de
857 2553 887 2592 re
901 2532 930 2591 in
946 2529 1073 2590 iisdem
1065 2529 1251 2609 rngeniorum

152 2628 399 2717 monumentis'l'.
414 2632 444 2691 4.
459 2651 489 2711 p.
506 2633 555 2690 34.
571 2629 728 2711 disputavi.
752 2629 860 2688 Omnia
874 2649 951 2689 enrm
963 2627 1115 2707 exempla
1108 2647 1137 2686 ιιι
1148 2627 1251 2688 uberto

151 2733 213 2819 ιιιιιι
217 2710 344 2822 'eriguo
361 2727 491 2809 proponi
512 2747 571 2788 non
593 2740 729 2807 possunt.
770 2727 917 2806 Proposui
939 2736 1037 2785 tamen
1059 2744 1138 2784 nunc
1156 2746 1248 2785 unum

152 2787 284 2905 ιιιιιιιιιιι,
294 2833 328 2884 ut
340 2825 384 2884 vir
393 2824 705 2897 clarissimusrideret,
720 2844 779 2896 me,
792 2843 883 2904 quum
898 2843 1020 2884 necesse
1033 2842 1093 2882 non
1104 2834 1249 2901 putarem,

152 2914 263 2998 aliquid
284 2931 383 2980 tamen
404 2921 496 3001 ipsius
511 2921 582 2982 dare
595 2921 752 2984 desiderio.
777 2922 866 2993 Quod
876 2940 931 3029 pro
944 2919 1089 3030 particula
1103 2928 1248 3000 quantum

151 3015 234 3115 poni,
248 3018 282 3078 irr
296 3037 349 3096 pro
363 3039 517 3100 argaeum
539 3020 666 3080 ablativo
681 3039 893 3099 nonnunquam
909 3018 1006 3098 jungi,
1031 3016 1115 3078 baud
1129 3025 1160 3076 et
1180 3037 1250 3077 sune

153 3133 233 3206 soepe
246 3114 390 3195 copulari,
403 3117 503 3178 docuit
518 3117 606 3177 etiam
620 3117 694 3176 liber
708 3125 819 3176 noster.
856 3115 954 3183 Quare
969 3133 1028 3173 non
1044 3113 1101 3172 suit
1115 3132 1249 3184 necesse,

151 3221 186 3292 ιιι
210 3213 465 3303 observationibus
487 3215 675 3309 generalibus
687 3210 826 3293 exempla
846 3211 927 3292 quod
944 3213 1033 3271 scium
1035 3211 1137 3292 ,quod
1154 3231 1250 3270 seuse-

151 3311 221 3384 rim,
244 3310 324 3391 quod
338 3311 472 3406 quidem
470 3313 624 3372 continens
640 3312 777 3371 memorio
797 3311 850 3384 sit,
869 3318 928 3370 cet.
944 3307 1127 3386 subjicerem.
1160 3306 1250 3366 Foret

153 3406 242 3467 enim
248 3397 395 3469 infinitum
418 3398 517 3468 omnia
540 3407 704 3468 cumulare.
743 3405 807 3467 Nec
821 3404 975 3486 particulae
990 3425 1054 3466 cum
1068 3403 1248 3463 murimefu-

152 3515 237 3565 erant
225 3505 288 3565 tibi
303 3505 431 3577 omissae,
446 3505 499 3564 sed
512 3505 579 3566 loco
592 3524 644 3564 suo
657 3503 852 3584 interpositae.
886 3504 948 3562 lmo
964 3501 1143 3561 adeundam
1160 3519 1248 3579 quern

152 3603 196 3663 vir
208 3602 396 3662 doctissimus
411 3602 514 3662 laudat
525 3601 750 3680 Zinzerlingium
759 3602 823 3680 J'arn
840 3600 999 3678 allegeram
1015 3599 1139 3658 lectores
1155 3608 1248 3657 meos.

153 3701 262 3760 Cetera
280 3721 347 3780 quae
360 3700 404 3760 vir·
417 3699 595 3761 clarissimus
617 3696 807 3758 admonenda
823 3697 948 3776 putavit,
965 3696 1023 3756 fere
1039 3695 1085 3755 vel
1101 3694 1139 3753 ad
1154 3715 1250 3773 gram·

153 3799 290 3859 maricam
313 3799 413 3878 potius
432 3807 463 3856 et
476 3806 569 3858 artem
587 3794 800 3875 interpretandi
821 3796 980 3874 pertinent,
994 3793 1040 3851 rel
1061 3801 1121 3851 tarn
1139 3810 1205 3851 rara
1219 3800 1251 3852 et

151 3908 343 3978 Ιιιιιιιιοιιιιιι
367 3905 446 3968 sunt,
468 3905 502 3954 ut
524 3894 556 3953 in
582 3894 640 3954 hoc
662 3892 763 3954 libello
787 3891 977 3952 memorando
999 3909 1059 3949 uon
1083 3888 1249 3949 videantur.

150 3994 305 4078 Aliquav.
320 4015 351 4075 g.
370 4000 456 4054 tauto
480 3991 593 4065 melior,
608 3991 705 4067 bodie,
724 3989 910 4071 postmodo'
902 4008 966 4068 rpse
986 3987 1050 4066 jam
1074 3984 1186 4044 interea
1208 3985 1249 4044 ad

150 4092 272 4175 librpm
279 4109 377 4183 meum
404 4090 631 4177 adscripseram,
652 4111 720 4170 quaa
746 4089 817 4148 huic
837 4085 959 4146 editioni
981 4081 1091 4164 passim
1112 4080 1248 4159 inspersa

153 4201 254 4259 tamen
268 4187 437 4248 Heumanni
464 4186 657 4248 admonitioni
681 4186 782 4247 deberi
804 4185 902 4244 malim
929 4180 1031 4241 videri.
1075 4176 1164 4247 Quod
1185 4178 1250 4237 reli-

154 4306 242 4366 quum
258 4295 314 4358 est,
329 4303 440 4366 eaquae
451 4284 488 4345 de
502 4285 616 4366 origine
626 4283 753 4346 nominis
765 4286 969 4362 ἐνθουσιασμοῦ
980 4279 1108 4343 interme
1119 4284 1149 4336 et
1165 4274 1249 4336 Heu-
