2670 4636
129 209 186 267 140
447 205 617 265 HORATH
651 204 891 264 TURSELLlNl
1143 204 1217 281 [mc
1242 292 1245 303 .

127 375 148 406 c.
159 362 181 404 6.
199 358 269 406 Hice
286 358 367 420 equid
378 359 511 420 predicem,
522 359 605 420 quibus
616 360 684 407 rebus
703 357 741 405 hic
759 359 882 405 consulem
899 355 929 402 sd
946 369 994 403 rem
1007 355 1136 418 gerendam
1155 356 1217 404 exci-

96 416 105 432 “
126 422 198 468 tarit?
216 423 231 452 *
242 375 306 469 Adi.
320 428 332 470 1
346 425 432 470 Cute.
442 427 481 470 10.
493 430 517 470 et
528 426 637 472 06411.
649 427 673 469 9·
692 469 697 475 .

163 487 212 533 Cic.
223 502 266 548 pro
278 487 365 534 Marii.
375 503 397 532 c.
408 491 433 534 9.
446 486 492 533 Hic
501 487 550 548 jam
562 488 629 548 plura
639 502 687 533 non
699 485 789 533 dicam:
809 485 855 530 luit
863 485 926 530 eninr
936 485 997 531 illud
1009 492 1151 531 extremum.
1181 484 1217 531 ld.

124 565 168 611 pro
184 550 254 598 Sext.
271 566 293 596 c.
306 554 344 598 06.
363 550 410 596 llic
418 550 468 613 jum
485 551 515 597 de
533 551 585 613 ipso
603 559 740 598 accusatore
756 564 842 612 quaero.
857 548 969 596 audiere
980 550 1049 597 Ioslc
1060 550 1100 597 tlte
1111 547 1224 610 ploiait'ff

128 614 240 673 tiouulfi‘
781 621 784 626 “

510 680 835 772 *ο.Η.·..ι...ι.’.(..ιι.ε.)

159 805 210 852 Hir
220 820 281 853 nune
290 805 355 852 idern
366 806 492 867 significat,
503 807 567 867 quod
577 807 680 866 liicjnm.
699 808 751 854 Cic.
762 809 777 853 2
789 806 858 855 Verr.
870 820 891 850 c.
901 808 941 852 25.
951 804 997 851 Hic
1008 818 1071 851 nnnc
1082 803 1114 850 de
1124 802 1220 849 miseria

121 868 267 924 Siculorum,
281 869 383 930 judices,
397 870 488 917 audite.¹
505 873 541 918 ld.
559 876 574 919 4
591 872 659 919 Verr.
670 886 692 917 c.
711 875 751 918 47.
768 869 816 915 Hic
832 884 895 914 nunc
913 876 954 916 aut
970 869 1016 915 isto
1032 883 1096 923 reus,
1114 875 1157 913 aut
1173 881 1217 926 ego
1270 876 1271 879 ’

128 941 259 986 accusator,
275 940 317 979 aut
327 934 373 980 boc
380 933 499 996 judicium
509 934 684 996 appellabitur?
709 934 748 981 Id.
762 947 805 995 pro
814 934 898 981 Plnuc.
909 949 932 978 c.
942 936 983 979 41.
1000 932 1048 978 Hic
1059 946 1106 993 ego
1116 946 1180 978 nunc
1191 930 1219 975 de

127 1004 226 1057 praetore
234 996 385 1043 Macedonian
396 998 457 1043 nihil
468 998 546 1044 dicam
557 998 669 1060 amplius,
677 997 725 1043 nisi
735 1013 791 1044 eum
802 997 877 1043 civem
888 995 1005 1058 optimum
1016 1009 1111 1058 semper
1122 994 1205 1041 fuisse.

488 1098 526 1141 10.
538 1094 606 1149 Hic·
623 1093 662 1139 nte
673 1098 730 1147 tum,
744 1107 787 1154 pro
799 1097 858 1139 tum.

161 1171 283 1219 Interdum
295 1179 421 1234 usurpetur
430 1186 472 1235 pro
482 1178 546 1228 tum‚·
557 1172 664 1218 nimirum
674 1186 730 1218 cnm
740 1171 770 1217 ad
782 1178 874 1231 tempus
885 1170 1028 1231 preteritum
1037 1169 1146 1216 refertur.
1165 1170 1215 1217 Cic.

73 1250 79 1255 ·
130 1240 147 1283 0
160 1235 228 1285 Verr.
240 1253 261 1283 c.
276 1240 317 1283 28.
327 1236 374 1282 Hic
386 1235 419 1281 illi
430 1236 515 1283 flentes
532 1250 613 1298 rogare
625 1241 695 1296 atque
713 1249 780 1281 orare
790 1242 919 1296 coeperunt.
938 1249 968 1281 on
979 1234 1027 1281 this
1037 1234 1092 1296 tltey
1104 1234 1181 1292 began
1198 1239 1220 1281 to

107 1327 109 1338 ·
129 1305 220 1348 enitent
232 1300 291 1348 with
302 1305 367 1348 tenrs
381 1299 407 1347 irs
416 1300 478 1347 ilreir
488 1314 547 1362 eyes.
573 1300 612 1347 Id.
622 1298 671 1347 12.
683 1297 794 1351 Acade.
803 1302 826 1344 4.
838 1296 886 1345 Hic
898 1297 999 1344 Catulus
1009 1297 1053 1343 elsi
1062 1297 1125 1350 heri,
1135 1296 1221 1358 inquit,

129 1362 163 1417 id,
174 1363 238 1424 quod
248 1364 402 1424 quaerebatur,
415 1378 475 1425 pene
487 1363 632 1424 explicatum
642 1370 686 1417 cst,
701 1368 782 1407 tamen
790 1371 892 1423 expecto
902 1377 939 1421 ea,
950 1375 1003 1421 quae
1018 1369 1041 1407 te
1053 1361 1182 1422 pollicitus
1196 1374 1220 1406 es

130 1426 254 1472 dicturum.
271 1425 282 1449 ⁸
295 1428 333 1474 Id.
345 1427 362 1471 1.
374 1432 398 1476 2.
410 1429 439 1474 de
453 1427 524 1474 Orut.
533 1442 554 1472 c.
565 1430 605 1474 50.
624 1427 662 1473 Id.
672 1440 715 1487 pro
729 1426 823 1472 Cluent.
834 1440 856 1471 c.
867 1429 908 1472 20.
920 1424 967 1472 Hic
978 1432 1028 1470 tum
1041 1424 1165 1472 Fabricius
1175 1438 1220 1469 non

130 1489 201 1536 modo
218 1489 250 1536 sd
263 1505 301 1536 me
315 1505 380 1537 meos
389 1490 480 1537 vicinos
491 1497 517 1537 et
526 1491 614 1537 amicos
627 1505 677 1536 non
688 1488 793 1543 adduxit,
807 1487 849 1536 sed
858 1489 911 1550 ipse
921 1489 950 1534 iis
962 1503 1040 1550 neque
1056 1487 1221 1535 defensoribus

132 1553 167 1600 uti
179 1560 270 1615 postea,
280 1568 360 1615 neque
370 1554 532 1601 laudstoribus
543 1553 628 1616 potuit.
644 1556 719 1601 under
735 1554 799 1601 tltcse
809 1553 994 1601 circumstances.
1023 1553 1064 1600 Id.
1075 1553 1136 1600 ibid.
1147 1568 1169 1598 c.
1182 1554 1219 1597 17.

132 1617 172 1664 ld.
185 1622 197 1664 1
212 1617 281 1666 Verr.
295 1632 317 1664 c.
328 1622 369 1665 26.
390 1618 437 1664 Hic
453 1625 502 1663 tnm
513 1618 574 1664 alius
584 1631 613 1663 ex
628 1617 675 1664 elie
684 1624 759 1679 parte,
772 1616 900 1671 enimvero,
916 1615 995 1678 inquit
1004 1621 1049 1665 cet.
1074 1615 1090 1644 ⁴
1099 1614 1166 1662 Add.
1185 1614 1222 1661 Id.

129 1695 173 1741 pro
186 1681 280 1730 Clueut.
291 1696 314 1728 c.
324 1684 365 1729 27.
381 1688 405 1728 et
414 1696 459 1745 pro
470 1681 542 1730 Sext.
553 1697 576 1729 c.
590 1686 629 1730 ll.

339 1818 342 1822 .
416 1776 428 1800 ⁸
441 1782 480 1826 11.
491 1777 541 1825 Hir
550 1792 592 1840 pro
604 1782 655 1824 tum
665 1792 721 1823 cum
731 1765 809 1824 futuro
819 1783 933 1838 tempore.

165 1858 216 1904 Cic.
226 1859 255 1905 de
266 1858 368 1920 Republ.
377 1858 395 1905 l.
407 1862 430 1906 2.
447 1856 496 1903 Hic
507 1865 541 1912 tu,
552 1855 673 1911 Africano,
690 1856 802 1903 ostendes
812 1856 932 1919 oportebit
949 1845 1032 1928 patriae
1048 1853 1130 1902 lumen
1142 1852 1223 1906 animi,

131 1920 231 1983 ingenii,
243 1921 338 1968 consilii
347 1920 390 1968 tui.
403 1920 488 1983 (immo
499 1921 542 1968 linc
552 1920 578 1967 in
588 1934 622 1975 re,
633 1920 675 1967 luoc
685 1918 756 1982 loco.)
992 1923 994 1926 ⁴

504 2036 544 2080 12.
557 2033 608 2080 Hic
618 2033 691 2081 etium
701 2032 855 2093 indignantis.
952 2063 955 2068 -
1000 2020 1004 2026 ⁵

77 2104 83 2113 ⁸
164 2111 215 2160 Hic
226 2112 298 2159 etiam
307 2110 493 2172 indignationem
504 2110 623 2172 designat.
640 2113 698 2174 Cic.
711 2114 726 2158 3
738 2112 803 2160 Verr.
812 2126 834 2158 c.
842 2114 882 2159 57.
898 2110 1028 2170 Hieetism
1040 2110 1119 2172 priore
1131 2108 1223 2156 actione

131 2175 274 2222 Hortensius
288 2174 405 2236 pupillum
420 2174 435 2220 J
437 2175 519 2220 unium
528 2176 622 2222 venisse
633 2182 795 2236 praetextatum
805 2175 830 2220 in
846 2180 950 2221 restruxit
959 2182 1114 2236 conspectum
1125 2180 1224 2234 questus

132 2240 313 2286 sucumbere
331 2238 477 2286 Hortensius
495 2241 568 2286 dared
584 2244 607 2285 tn
623 2240 778 2300 complaints
796 2239 835 2286 tlte
847 2240 940 2298 forster
957 2240 1049 2300 speech,
1068 2242 1109 2300 ⁸5⁶·
1131 2237 1224 2299 (Mani-

131 2302 281 2426 {plsutppnfst
298 2300 338 2348 hic
356 2315 448 2363 quoque
469 2299 498 2348 rb
512 2303 551 2350 liic
572 2302 738 2351 haberehunc
757 2301 814 2356 vim.
832 2303 908 2359 nteit,
924 2304 965 2350 lucc
983 2304 1041 2357 loco,
1060 2303 1104 2350 lac
1120 2301 1225 2363 inpuris

562 2558 673 2608 CAPUT
698 2560 787 2610 XCIV.

610 2672 657 2730 De
673 2650 752 2730 Hoc'.

166 2795 180 2823 ⁵
199 2800 221 2844 1.
238 2794 295 2842 Hoc
308 2802 423 2858 preparat
433 2779 536 2844 animum
555 2798 658 2857 legentis
668 2797 706 2844 vel
724 2797 843 2845 audientis
853 2797 884 2843 ad
894 2795 1052 2857 insequentia.
1088 2798 1140 2845 Cic.
1158 2797 1174 2843 l.
1185 2802 1225 2846 14.

133 2860 203 2907 Fam.
215 2875 250 2922 ep.
261 2864 284 2907 4.
294 2861 307 2921 §
319 2864 359 2907 10.
376 2860 423 2906 Sed
436 2861 457 2906 si
467 2860 513 2908 lroc
524 2861 569 2908 fuit
580 2861 661 2908 liberis
671 2863 756 2932 nostris
767 2862 855 2924 gratius
865 2874 909 2906 nos
918 2860 1006 2906 vivere.

395 2955 409 2984 “
421 2960 445 3004 2.
462 2956 517 3004 Hor
527 2960 564 3004 est
574 2956 737 3018 exprobrantis
748 2964 772 3003 et
782 2955 961 3017 expostulantis.
1043 2952 1046 2954 ’

167 3036 245 3082 cres
259 3036 324 3082 Verr.
334 3049 356 3080 c.
369 3039 407 3082 14.
424 3034 478 3081 Hoc
490 3042 527 3080 est
537 3032 641 3081 rationes
651 3034 754 3080 referre?
771 3034 818 3081 cell
826 3047 872 3094 you
884 3033 932 3081 titis
940 3034 1026 3094 giving
1034 3034 1101 3083 irtus
1112 3039 1227 3083 aeonum

132 3098 188 3144 Lin.
197 3097 213 3142 l.
224 3102 248 3144 ³.
260 3114 282 3144 c.
294 3101 333 3144 19.
352 3096 406 3144 Hoc
417 3104 462 3152 est,
475 3097 570 3152 tribuni,
587 3096 700 3143 auxillum
712 3096 777 3158 plebi
795 3096 871 3143 ieme?
889 3096 1005 3160 tribunes,
1016 3098 1046 3146 dn
1056 3113 1104 3162 pou
1114 3100 1162 3147 call
1177 3099 1226 3147 rte

132 3160 274 3220 supporting
284 3161 324 3208 tlte
334 3162 430 3222 people?
446 3160 512 3207 Add.
526 3160 615 3219 Virgil.
624 3160 642 3205 l.
654 3163 677 3207 2.
688 3174 711 3204 v.
721 3162 779 3206 663.

576 3277 600 3319 3.
617 3273 673 3319 Hoc
683 3272 772 3320 1111111.

167 3349 249 3396 Plnut.
268 3349 384 3397 Boccltt'd.
404 3353 428 3396 2.
447 3353 471 3397 3.
490 3351 545 3397 100.
563 3349 602 3396 Ne
624 3350 759 3411 navigarem
782 3349 880 3397 tandem
898 3353 942 3400 hoc
970 3352 1048 3400 aetatis
1069 3368 1152 3400 senex.
1167 3394 1171 3399 .
1186 3356 1225 3403 Id.

129 3413 188 3461 ibid.
207 3417 230 3459 5.
242 3417 266 3461 1.
280 3417 317 3460 14.
346 3412 429 3461 Senes.
441 3413 469 3460 de
482 3414 597 3461 Clement-
608 3413 625 3461 l.
639 3417 661 3460 1.
672 3428 693 3459 c.
704 3417 727 3460 9.
745 3413 806 3460 Cum
817 3415 862 3486 hoc
873 3415 951 3462 aetetis
961 3424 1036 3478 esset,
1049 3418 1114 3479 quod
1125 3427 1152 3465 tu
1162 3433 1225 3466 nunc

133 3492 167 3524 es.
1077 3485 1082 3492 ’

360 3568 372 3592 ’
389 3573 413 3618 4.
431 3571 486 3619 Hoc
496 3577 532 3620 est
542 3567 638 3631 dicere}
656 3573 705 3621 rtis
714 3573 737 3621 is
747 3588 776 3622 os
787 3574 854 3636 mucii
863 3589 890 3623 cs
901 3580 925 3623 to
935 3591 988 3639 roy.

168 3655 220 3702 Cic.
236 3651 368 3711 2Plrilipp.
383 3667 405 3698 c.
417 3655 457 3700 28.
480 3650 515 3697 At
525 3667 595 3714 quam
612 3652 693 3700 crebro
710 3662 810 3715 usurpet
824 3661 848 3701 et
863 3655 954 3703 Consul
968 3657 1141 3706 etAntonius?
1171 3660 1225 3707 Hoc
1258 3663 1261 3673 ’

132 3716 267 3830 pstVdircrerp
280 3714 414 3828 {domm
424 3723 450 3762 et
466 3715 676 3777 impudicissimus,
691 3725 716 3764 et
726 3716 815 3765 Consul
827 3725 851 3764 et
862 3719 933 3766 bomo
949 3721 1123 3783 nequissimus.
1158 3724 1226 3773 Idem

249 3891 263 3920 '
275 3897 300 3941 5.
318 3891 372 3939 Hoc
383 3888 435 3938 dico
446 3897 500 3952 post
509 3891 570 3938 nibil
577 3890 619 3964 nel
629 3875 683 3949 nort,
694 3884 826 3955 presertim
840 3894 865 3939 in
877 3895 1045 3956 praeteritionis
1057 3898 1115 3953 line.

165 3985 244 4031 Uici
261 3985 330 4033 Verr.
340 4001 362 4035 c.
373 3990 415 4048 45.
429 3983 469 4030 De
485 3984 531 4031 isto
546 3986 635 4041 scelere
650 3993 691 4034 tuo
701 3987 761 4034 nihil
778 4002 870 4049 queror.
903 3989 956 4038 Hoc
973 3990 1037 4058 dico,
1052 4008 1102 4041 non
1120 3993 1168 4050 his,
1184 3994 1226 4058 qui

130 4046 255 4092 Sthenium
272 4056 360 4093 norunt
376 4053 420 4096 cet.
454 4048 486 4095 Id
500 4062 544 4108 pro
558 4048 655 4109 Mureti.
666 4064 688 4096 c.
706 4055 744 4098 16.
761 4050 807 4097 Sed
824 4065 872 4097 non
889 4050 914 4098 id
926 4054 1026 4110 agimus.
1060 4057 1114 4105 Hoc
1127 4057 1190 4113 dico,
1205 4059 1224 4106 si

131 4109 220 4156 bellum
241 4109 284 4153 hoc
306 4110 503 4156 contemnendum
528 4109 621 4160 fuisset,
642 4125 691 4157 non
712 4119 778 4160 tanta
798 4128 854 4159 cure
873 4109 977 4176 populus
1000 4115 1128 4170 Romanus
1149 4123 1224 4170 susci·

130 4173 241 4235 piendum
256 4176 369 4232 putasset.
402 4174 441 4220 ld.
456 4187 500 4234 pro
515 4173 586 4221 Dom.
604 4188 626 4220 c.
638 4177 662 4221 7.
677 4181 726 4223 115
738 4176 845 4237 Philipp.
857 4191 878 4224 c.
891 4183 914 4226 6.
