2670 4636
176 232 233 300 tos
497 229 671 292 HORA'l'll
690 224 949 294 russanum
1143 235 1146 239 ’
1167 234 1269 316 [nutri
1289 256 1292 260 ·

172 394 234 445 Nat.
247 394 323 446 Deor.
333 367 420 458 llequs
433 394 498 444 enim
510 396 671 459 quadrando,
682 395 744 446 libet
754 370 843 446 dicere}
853 397 898 457 sor
908 398 925 447 1
934 371 985 447 roill
994 401 1086 463 sotsop
1097 397 1163 450 wlsat
1175 401 1192 450 1
1198 372 1275 452 snas.

172 459 188 489 ⁸
202 459 337 524 11111111
347 461 458 525 exempla
469 461 495 509 in
507 463 599 524 Neque.

523 541 578 607 (1⁰.
595 543 669 592 Enim
684 559 728 607 pro
743 559 808 599 sune,
819 543 918 595 wilicet.
1017 564 1021 570 ·

203 624 278 672 Enim
292 624 366 672 etiam
377 621 466 672 dicitur
479 639 522 687 pro
537 639 603 681 sane,
618 626 719 680 seilicet,
733 624 869 688 praesertim
882 625 909 674 in
921 625 964 675 illo
975 626 1082 676 comico:
1094 626 1165 677 astu
1174 628 1239 679 enirn
1247 629 1273 679 in

169 688 374 752 responsionibus,
384 705 408 736 v.
419 704 491 752 supra
501 689 576 754 nd.)
1265 713 1267 717 ⁴

612 839 726 888 CAPUT
753 837 829 886 LXX.

508 937 558 996 De
572 936 723 998 Adcerln'o
738 938 932 998 Enrsrvnno.

201 1053 224 1097 l.
231 1045 375 1096 Eurnvnao
384 1062 417 1096 ex
427 1049 491 1097 enine
502 1055 528 1098 et
535 1065 591 1100 aero
601 1049 700 1106 iactum,
710 1050 878 1099 vehementius
887 1048 987 1100 affinnat
998 1057 1040 1099 aut
1050 1058 1132 1115 negat.
1142 1049 1164 1081 ¹⁵
1178 1052 1272 1116 Plau.

170 1115 247 1168 Persa
254 1117 278 1162 2.
290 1116 316 1164 2.
335 1113 382 1161 Ain
391 1114 466 1161 vero?
480 1115 561 1176 Pugn.
580 1113 627 1163 Aio
638 1116 769 1162 enimvero.
787 1117 826 1165 ld.
836 1116 925 1180 Amph.
936 1119 960 1164 2.
972 1119 996 1163 2.
1005 1116 1074 1164 Tune
1084 1124 1108 1164 te
1116 1116 1204 1178 abiisse
1213 1117 1271 1167 hinc

168 1179 258 1241 negas?
275 1178 362 1242 Amph.
385 1177 454 1241 Nego
471 1179 602 1228 enimvero.
620 1195 661 1243 pes
678 1181 804 1244 certainly,
820 1180 876 1230 Ida
888 1181 1133 1245 scy‚tbat1didnot
1149 1197 1184 1244 go
1194 1199 1272 1248 away.

170 1244 247 1292 ctat
260 1243 328 1293 Verr.
340 1260 362 1291 c.
374 1247 414 1292 66.
432 1242 472 1288 Ab
483 1258 512 1290 eo
520 1246 625 1306 postulo,
638 1252 666 1292 ut
677 1244 835 1309 Syracusanis
846 1245 930 1294 liceret
947 1253 1045 1294 senatus
1063 1246 1202 1294 consultum
1212 1248 1272 1296 mihi

166 1308 276 1357 reddere.
309 1309 356 1355 Ille
366 1308 488 1356 enimvero
497 1318 579 1370 negat,
593 1318 618 1356 et
635 1310 669 1356 ait
686 1309 811 1372 indignum
823 1311 916 1358 lacinus
931 1325 995 1368 esse,
1006 1311 1071 1374 quod
1087 1327 1132 1375 ego
1142 1311 1170 1360 in
1180 1312 1271 1362 Senatu

167 1371 255 1422 Graeco
265 1374 339 1422 verba
348 1371 468 1421 fecissem.
477 1371 499 1405 ¹⁶
521 1373 536 1403 ⁸
546 1376 598 1424 Cic.
610 1375 629 1420 l.
640 1377 680 1422 ll.
691 1377 722 1423 nd
734 1375 810 1424 Attia.
822 1391 858 1438 ep.
868 1379 910 1424 22.

562 1471 577 1501 ⁸
588 1475 612 1521 2.
631 1471 759 1520 Enimuero
770 1487 813 1534 pro
824 1475 874 1522 sed.

171 1561 174 1564 ⁴
201 1552 279 1603 Tacit.
292 1554 310 1600 l.
321 1556 345 1601 2.
356 1552 422 1601 Ann.
432 1567 454 1600 c.
465 1557 506 1602 64.
518 1554 532 1616 t
544 1557 568 1600 6.
583 1552 750 1615 Rhescuporis
761 1560 854 1601 vertere
866 1553 891 1600 in
903 1569 929 1601 se
942 1552 1016 1618 Cotyi
1031 1554 1095 1609 data,
1110 1561 1136 1602 et
1149 1555 1271 1605 resistenti

164 1618 215 1680 rim
225 1619 313 1674 iacere,
323 1624 464 1665 cunctanter
476 1617 519 1664 sub
532 1616 651 1680 Augusto,
664 1632 736 1679 quem
747 1617 868 1666 vindicem
884 1618 1016 1666 metuebat.
1049 1619 1179 1668 Enimvero
1190 1621 1272 1670 audita

166 1683 299 1731 mutatione
311 1682 434 1747 principis,
448 1682 577 1730 immittere
588 1682 708 1730 latronum
720 1684 813 1746 globos,
824 1683 966 1732 exscindere
981 1685 1088 1733 castella.
1105 1685 1147 1734 but
1165 1686 1231 1746 dster
1244 1687 1272 1738 Ee

165 1749 295 1812 mm·
399 1805 404 1829 ⁴
486 1817 510 1862 3.
527 1813 655 1862 Enimvero
665 1828 710 1876 pro
720 1814 819 1870 scilicet,
833 1813 934 1873 δηλαδή.

112 1922 116 1929 1
171 1933 175 1941 .
197 1896 334 1958 Usurpatnr
342 1893 464 1942 interdum
474 1894 590 1944 enimvero
601 1909 644 1956 pro
655 1895 754 1950 scilicet,
766 1911 821 1942 cum
830 1911 880 1951 res,
891 1911 940 1958 qua
950 1893 981 1944 de
991 1895 1077 1958 agitur,
1096 1896 1132 1944 its
1147 1905 1208 1945 nota
1224 1904 1271 1955 est,

164 1967 193 2010 ut
203 1961 281 2024 quivis
291 1975 336 2022 per
347 1974 373 2006 se
384 1975 438 2006 eam
447 1958 584 2019 intelligere
594 1959 680 2020 possit.
710 1961 761 2008 Cic.
773 1961 823 2009 ltin
840 1961 909 2010 Verr.
918 1977 940 2008 c.
950 1964 991 2009 119.
1008 1962 1049 2008 llli
1059 1963 1182 2009 enimvero
1192 1978 1220 2011 se
1231 1979 1271 2012 os·

163 2026 275 2080 tendunt,
288 2024 352 2086 quod
362 2025 445 2080 vellet,
456 2038 510 2070 esse
520 2022 633 2070 facturos.
645 2024 701 2087 tlrep
712 2027 799 2090 affirm,
810 2025 864 2073 stat
874 2027 931 2089 tlaep
938 2042 980 2076 ore
990 2029 1062 2090 ready
1073 2031 1098 2074 to
1109 2029 1138 2076 do
1149 2028 1272 2078 wdsteoer

163 2091 194 2140 lto
204 2105 258 2152 nsay
270 2090 330 2138 wirla
340 2089 411 2138 tlrem.
430 2117 433 2127 ι
447 2089 486 2137 ld.
498 2091 512 2136 3
527 2087 596 2136 Verr.
608 2105 630 2136 c·
641 2092 682 2136 2⁵.
699 2088 814 2137 Refertur
825 2089 898 2138 Lollii
908 2106 987 2138 sermo
999 2090 1114 2153 Apronio.
1138 2091 1270 2142 Enimvero

163 2154 185 2204 is
197 2154 319 2218 deridere,
337 2169 366 2202 ac
379 2152 468 2208 mirari,
484 2153 590 2200 Lollium
602 2153 665 2200 nihil
676 2153 707 2200 de
721 2153 838 2202 Matrinio
857 2155 963 2204 audisse.
976 2155 1024 2203 tda's
1033 2156 1116 2219 mesala
1125 2156 1148 2204 is
1157 2160 1272 2219 reported

162 2225 187 2268 to
200 2219 341 2283 Apronium
351 2219 403 2266 roto
415 2218 517 2279 langled
527 2223 554 2264 at
565 2218 595 2272 it,
605 2220 653 2267 anal
664 2233 714 2267 aras
730 2220 867 2269 arenianes
884 2221 938 2270 tlrnt
948 2221 1042 2269 Lollius
1057 2221 1140 2269 11111111
1156 2227 1199 2270 not
1210 2223 1270 2273 dare

162 2285 238 2334 laeard
248 2288 289 2348 yet
299 2284 328 2343 os
334 2284 374 2332 tlte
392 2289 519 2333 treatment
530 2282 560 2341 os
565 2283 709 2332 Matrinius.
744 2285 783 2332 ld.
793 2285 852 2333 ibid.
864 2301 887 2332 c.
894 2289 936 2333 60.
944 2284 1077 2333 Scandilius
1088 2286 1198 2349 postulat
1207 2302 1224 2335 a
1232 2294 1269 2346 te,

148 2367 149 2371 ¹
162 2358 191 2398 ut
198 2349 302 2398 Romam
310 2347 412 2412 rejicias.
446 2347 494 2395 Hic
506 2348 629 2395 enimvero
639 2355 667 2395 tu
677 2348 814 2396 exclamas:
832 2350 954 2398 hominem
964 2349 1117 2412 improbum!
1134 2356 1182 2400 cet.
1188 2349 1211 2386 ¹⁷
1254 2412 1257 2419 Ι

538 2450 564 2496 4.
580 2446 708 2497 Enimvero
719 2446 876 2515 indignantis.
882 2444 905 2478 ¹⁸
1147 2513 1150 2516 ‚

195 2527 264 2577 Alias
273 2527 421 2591 indignantis
431 2535 476 2577 est.
514 2528 566 2576 Cic.
577 2531 594 2583 l.
608 2528 677 2577 Verr.
688 2543 711 2578 a.
722 2532 763 2577 26.
780 2529 827 2577 llic
840 2536 891 2576 tum
900 2526 963 2575 alius
973 2541 1007 2574 ex
1016 2527 1065 2576 alia
1080 2536 1148 2592 parte
1157 2545 1164 2576 ι
1182 2529 1271 2579 Enim·

160 2610 218 2647 vero
228 2594 356 2642 serendum
366 2594 410 2641 hoc
422 2608 470 2639 non
482 2590 528 2640 est.
538 2593 654 2655 lereupon
665 2594 720 2657 tlaey
730 2594 860 2651 exclaimed
867 2608 896 2642 on
907 2594 941 2642 cll
948 2592 1028 2650 sidea,·
1042 2594 1167 2643 Tlairim
1176 2594 1270 2659 φησι

161 2667 203 2710 not
214 2665 239 2710 to
249 2661 276 2708 be
286 2660 365 2707 tarne.
395 2658 427 2722 (s.
434 2658 515 2720 potius
526 2674 532 2703 =
550 2658 590 2706 tle
602 2657 672 2718 thing
682 2658 704 2706 is
714 2664 757 2708 not
767 2667 791 2710 to
803 2659 830 2707 be
837 2657 963 2721 endnred.)
984 2658 1024 2707 Id.
1038 2659 1124 2714 Quint.
1134 2659 1231 2709 Faus-l.
1242 2667 1270 2708 et

190 2729 229 2773 .1.
246 2725 436 2782 Quantum'vero
448 2723 506 2770 illud
516 2730 554 2770 est
563 2721 709 2774 beneficium
723 2730 801 2778 tuum,
813 2723 878 2786 quod
893 2723 978 2785 iniquo
988 2723 1104 2785 vectigali
1113 2723 1270 2772 aedilitiorum

160 2740 246 2839 finiam
258 2788 380 2838 liberasti!
399 2785 534 2844 Enimvero,
551 2787 572 2834 si
589 2803 652 2834 unus
662 2788 736 2835 homo
746 2788 835 2835 nobilis
845 2788 954 2851 queritur
963 2788 1052 2850 palam,
1064 2796 1088 2835 te
1099 2787 1148 2835 HS.
1157 2788 1210 2837 CC.
1220 2789 1270 2838 sibi

162 2855 197 2903 eri
214 2857 279 2903 uisse
288 2872 295 2914 ;
307 2861 397 2918 quanta
406 2851 505 2900 tandem
514 2851 776 2915 pecuniapenderetur‚
785 2853 805 2900 si
813 2852 921 2899 omnium
926 2851 1174 2915 nomine‚quicunque
1180 2853 1269 2902 Romae

161 2919 187 2968 lu
206 2936 233 2968 ns
243 2920 359 2976 facerent,
371 2925 509 2982 erogaretur
519 2916 557 2963 3¹⁹
592 2916 607 2946 ⁸
617 2917 712 2966 Terent.
725 2918 818 2982 Hecyr.
830 2921 855 2967 4.
866 2921 891 2966 t.
905 2924 931 2963 et
941 2915 1027 2965 Plast·
1039 2919 1111 2981 Capi.
1122 2921 1147 2966 t.
1156 2919 1182 2966 4.

530 3020 555 3063 5.
571 3014 699 3063 Enimuero
710 3030 754 3078 pro
765 3013 903 3066 demum.²⁰

194 3100 375 3163 Nonnunquam
394 3094 448 3161 pro'
458 3098 551 3146 marn
563 3102 704 3157 usurpatur.
738 3097 822 3145 Plaut.
837 3095 931 3159 Captis.
942 3094 1015 3144 Nunc
1032 3096 1098 3144 enim
1110 3110 1169 3144 vero
1179 3095 1270 3146 occidi.

161 3179 214 3213 noro
224 3179 262 3213 am
274 3165 291 3212 l
299 3165 401 3227 entirely
412 3164 513 3210 andane.
529 3160 584 3210 Ino.
596 3159 613 3209 l.
625 3163 650 3207 2.
662 3176 685 3208 c.
697 3164 738 3212 36.
761 3160 823 3208 Tum
831 3160 954 3209 enimvero
964 3160 1062 3209 deorum
1079 3161 1114 3209 ira
1130 3160 1271 3212 admonuit.

162 3227 244 3276 ‘Add
256 3230 321 3276 ldl.
334 3233 358 3276 9.
369 3244 391 3276 c.
403 3230 444 3274 26.

451 3336 457 3350 .
531 3291 556 3335 6.
571 3288 699 3338 Enimvero
709 3304 753 3352 pro
766 3290 898 3342 Nimirum.

193 3371 332 3435 Aliquando
349 3388 393 3437 pro
409 3371 531 3420 nimirum.
556 3370 640 3418 Plorat.
653 3371 725 3432 Cupt.
734 3372 796 3432 prol.
806 3360 934 3445 Enimvero
945 3372 980 3420 dii
990 3387 1044 3427 nos,
1056 3368 1126 3435 quasi
1136 3368 1213 3446 pilas,
1223 3375 1268 3424 ho-

161 3437 240 3486 lnines
250 3439 348 3488 babent.
383 3438 479 3487 Terent.
489 3434 570 3484 Andr.
583 3437 607 3481 l.
618 3438 644 3483 3.
660 3434 798 3493 Enimvero,
809 3435 888 3495 Dave,
899 3437 961 3485 nihil
972 3437 1022 3486 loci
1032 3443 1072 3485 est
1081 3445 1203 3498 aeguitate.
1255 3476 1258 3481 .

193 3634 214 3667 ¹⁵
228 3635 293 3682 Nam
303 3641 331 3683 ut
341 3633 445 3697 simplex
455 3645 510 3681 aero
520 3629 569 3677 vim
583 3631 679 3692 cognati
690 3630 729 3679 sui
739 3647 794 3681 nere
801 3632 884 3689 habet,
896 3632 929 3680 ita
938 3630 1011 3680 etiam
1021 3621 1269 3694 compositurn'enintss

159 3716 224 3750 oero.
252 3701 286 3748 Et
296 3701 472 3764 quoniamoeru
487 3694 606 3759 significat
621 3696 687 3748 idem
696 3697 762 3761 quod
772 3699 830 3747 aed:
847 3698 921 3745 etiarn
931 3697 1049 3746 enimvero
1065 3697 1269 3761 dgnificsticnem

158 3767 225 3815 illam
238 3766 335 3822 retinet,
348 3769 394 3814 cet.
413 3785 415 3790 ’
757 3802 759 3808 ,

160 3870 163 3876 .
194 3831 216 3864 ¹⁶
228 3831 281 3879 Hoc
293 3831 431 3894 exemplum
441 3843 484 3892 pet
495 3829 536 3877 sed
546 3829 659 3893 explicari
669 3827 755 3891 possit.

167 3883 170 3887 ¹
193 3896 215 3929 ¹7
228 3895 286 3943 llaec
297 3897 343 3943 tria
353 3895 466 3958 exempla
475 3892 529 3941 aliis
539 3910 583 3957 per
593 3901 679 3946 autern.
687 3892 736 3949 bnt,
744 3891 832 3940 melius
843 3890 959 3940 declarari
968 3906 1041 3956 posse
1048 3891 1184 3952 videantur,
1192 3910 1267 3960 quam

157 3960 383 4072 aasentias
391 3957 598 4072 11111111

158 4080 162 4087 ’
190 4087 213 4123 ¹⁹
224 4087 369 4151 Exemplum
379 4089 426 4137 hoe
436 4087 559 4136 obscurius
567 4094 613 4135 est
625 4083 726 4160 (nempe
737 4083 778 4134 hic
789 4087 907 4136 enimvero
918 4093 956 4134 est
965 4086 1043 4152 nam.)
1067 4078 1069 4080 ’

188 4153 217 4183 ²⁰
227 4153 315 4200 Multis
328 4153 428 4202 fortasse
444 4154 487 4200 vix
502 4159 649 4215 persuaserit
660 4159 737 4205 autor,
748 4152 859 4215 exempla
869 4167 912 4199 sua
928 4153 987 4200 satis
1000 4168 1055 4200 esse
1067 4153 1097 4200 ad
1112 4152 1265 4216 probandum

142 4217 336 4266 accommodata.
360 4217 474 4283 (Nempe
488 4217 512 4265 in
525 4216 605 4282 primo
621 4223 660 4267 est
674 4215 829 4274 adfirmantis,
844 4215 958 4281 proferto,
976 4220 1019 4267 sed
1036 4234 1091 4267 cum
1109 4217 1214 4270 affectis:
1236 4219 1263 4269 io

127 4281 208 4329 altero
219 4289 315 4346 estpro
324 4288 378 4334 tum
390 4300 446 4336 aero
459 4301 516 4347 cunr
527 4283 760 4353 emplastrisque.)
