2670 4636
112 204 177 284 an]
476 204 534 264 DE
547 276 550 281 ,
565 204 808 267 PARTICULIS
829 215 888 269 cte.
1172 214 1209 273 61
1257 204 1259 212 ⁴

110 366 265 432 precedente
274 366 359 416 verbm
372 375 399 416 nt
407 371 497 431 mnia,
507 369 696 435 ansdnpoasis
703 368 765 419 torte
773 369 807 419 sio
816 385 911 434 espen,
920 369 972 421 nae
979 378 1072 435 mato,
1079 373 1129 423 sine
1139 375 1213 433 fcto.-

109 447 159 481 non
174 448 208 480 an
218 432 367 495 simpliciter.
393 431 475 496 Atque
486 435 545 483 illud
558 436 662 483 voluisse
680 435 774 483 ridetur
785 436 953 486 Selinuntius:
973 435 1005 484 In
1022 437 1143 501 plerisque
1162 455 1211 487 rue·

109 497 157 545 line
172 505 213 544 est
226 497 305 560 sequi,
315 497 380 561 quod
397 497 470 546 estin
480 500 564 548 notula
575 500 768 564 Schwaraiana.)
788 502 865 551 Varro
875 503 905 551 de
915 502 946 551 L.
954 501 985 551 L.
996 502 1015 550 1.
1025 505 1050 551 8.
1062 519 1084 552 c.
1095 507 1137 553 61.
1149 503 1212 552 Item

109 562 404 626 reprehenduntquidnm‚
417 563 481 626 quod
494 572 582 627 putant
595 565 658 614 idem
669 581 722 614 esse
731 567 839 631 sacristm
851 575 875 614 et
885 567 948 616 sarii
980 581 1021 625 ar,·
1031 574 1057 614 et
1067 569 1132 619 lanai
1141 577 1168 616 et
1177 571 1212 618 la·

109 633 192 679 saw.
204 627 277 685 Quod
287 628 323 687 fit,
333 643 363 676 sn
372 644 429 684 non,
441 629 501 678 nihil
515 639 649 679 commovet
664 632 806 695 analogiam,
816 636 862 682 cat.
878 633 941 681 atet
978 632 1043 682 'this
1053 632 1080 683 le
1089 648 1115 683 aa
1126 649 1153 682 ar
1162 641 1213 691 sot.

109 697 213 759 manens
228 698 269 742 nat
286 708 314 742 as
329 699 354 742 to
369 693 409 743 tlte
418 695 530 759 analoga.
552 695 629 745 Tacit.
638 694 705 745 Ana.
720 698 737 743 l.
747 701 771 746 2.
781 711 803 744 c.
812 700 853 746 42.
864 697 877 761 i
889 701 914 746 a.
924 695 1056 745 Archelaus
1070 696 1146 749 finem
1156 699 1212 748 rite

109 757 311 820 sponts,sur'eto,
322 757 441 824 implevit.
458 761 498 809 1a.
507 758 575 811 Ann.
585 760 603 808 l.
614 763 654 810 14.
664 777 688 810 c.
699 764 724 810 7.
734 763 748 826 ᾗ
759 763 782 810 1.
794 767 819 809 et
829 761 846 808 1.
856 765 882 812 2.
892 777 914 810 c.
924 766 966 813 22.
977 763 991 826 §
1004 761 1051 812 l·¹⁷

352 873 368 903 ⁸
378 877 403 922 5.
414 872 455 924 An
464 882 521 938 poet
530 890 577 924 non
586 881 622 926 est
630 891 696 932 esra.
706 873 850 924 rarissiruam
860 873 962 925 videtur.
972 872 993 908 ¹⁸

147 952 319 1003 TacitasAnn.
328 954 378 1002 14.
389 971 410 1002 c.
419 959 459 1004 74.
472 957 516 1020 §L
528 955 615 1019 Neque
627 967 722 1005 renatus
732 957 758 1006 in
768 972 797 1005 eo
807 971 865 1006 cura
874 966 935 1011 erat.
950 971 981 1006 an
1000 955 1095 1019 imperii
1106 963 1213 1005 extrema

110 1017 335 1068 dehonestarentur.
350 1025 431 1068 events
446 1019 475 1079 af
484 1037 498 1068 a
511 1020 753 1083 disgrace'fnl-natnre
763 1023 817 1070 that
827 1023 948 1085 happened
957 1036 987 1069 on
998 1022 1038 1071 the
1047 1022 1212 1080 renitescan-

109 1083 174 1133 tiers
183 1083 214 1144 os
218 1085 259 1134 the
265 1083 354 1148 empire
360 1086 429 1133 made
437 1085 479 1132 lat
484 1085 549 1134 little
559 1085 697 1150 impressioni
706 1103 737 1136 on
748 1087 884 1139 thenensis.

533 1181 548 1210 ⁴¹
566 1186 591 1231 6.
603 1183 642 1231 An
652 1197 696 1246 pro
707 1197 795 1233 annon.

145 1260 187 1312 An
195 1261 314 1310 interdurn
325 1278 367 1325 pro
383 1278 460 1312 annon
470 1263 528 1325 poni
538 1261 641 1314 videtur.
662 1263 715 1312 Cic.
733 1264 751 1309 l.
764 1267 803 1312 11.
815 1263 885 1313 Fani.
895 1265 966 1329 epist.
977 1267 1000 1312 l.
1011 1264 1059 1312 Sed
1071 1263 1166 1327 quando
1176 1263 1213 1314 illi

109 1340 161 1374 non
176 1328 247 1376 valde
264 1326 357 1376 inimici
366 1342 455 1384 suiuus,
475 1326 558 1376 nescio
569 1342 599 1375 an
615 1328 788 1391 ignoscendum
804 1328 837 1377 sit
850 1327 915 1386 huic,
935 1330 956 1376 ei
973 1337 1096 1392 tantopere
1112 1330 1214 1378 laborat.

111 1392 131 1441 I
139 1393 208 1441 hara
218 1398 262 1442 nat
271 1393 378 1442 annae
392 1408 428 1441 we
442 1392 518 1453 ought
531 1398 572 1441 not
591 1397 616 1441 lo
625 1394 725 1454 forgive
735 1395 785 1442 him
792 1394 836 1455 for
847 1395 918 1456 being
927 1410 953 1442 so
963 1395 1118 1444 enthusiastic
1127 1397 1153 1443 in
1164 1395 1215 1444 this

109 1455 229 1507 instance.
248 1457 365 1520 Neposin
385 1457 500 1521 Thrasyl.
511 1473 533 1504 c.
546 1461 568 1505 Ι.
586 1458 611 1504 Si
622 1472 665 1520 per
679 1473 706 1506 ee
721 1458 796 1507 virtus
813 1459 865 1508 sine
879 1459 975 1506 fortuna
992 1459 1146 1522 ponderanda
1164 1458 1197 1507 sit
1205 1475 1213 1518 ;

111 1520 208 1586 dubito,
228 1537 259 1568 an
275 1523 339 1569 hunc
354 1522 457 1586 primum
472 1523 579 1569 omniurn
593 1537 691 1585 ponam.
718 1524 771 1573 Lia-
786 1524 804 1571 l.
823 1527 847 1573 8.
866 1541 889 1572 c.
900 1528 941 1572 66.
961 1524 1012 1573 Cic.
1021 1523 1039 1571 l.
1050 1529 1074 1572 9.
1094 1525 1164 1574 aaa
1177 1540 1214 1588 ep.

111 1589 154 1636 18.
165 1589 179 1650 ς
191 1592 216 1636 4.
237 1585 363 1652 (Ceterum
373 1588 418 1634 hoc
429 1602 476 1634 non
487 1587 514 1634 fit
523 1588 641 1635 interdum
652 1594 678 1635 et
693 1603 752 1651 raro,
764 1590 807 1637 sed
817 1591 914 1637 crebro:
931 1603 1072 1652 semperque
1083 1589 1119 1637 sic
1130 1588 1211 1637 dicen-

109 1650 170 1700 dum
181 1666 234 1700 esse
245 1653 359 1700 convenit
368 1652 431 1700 inter
440 1653 539 1714 peritos:
555 1653 619 1702 hand
629 1654 678 1702 scio
688 1668 720 1701 an
730 1669 777 1703 nan
788 1654 981 1703 Germanismum
991 1655 1063 1718 sapit.
1086 1654 1212 1716 capienda

110 1726 195 1765 autem
213 1718 264 1764 heo
281 1717 359 1767 forma
374 1715 488 1778 loquendi
499 1717 548 1765 iere
558 1717 705 1766 affirmative.
731 1719 795 1767 Vide
813 1718 878 1767 dicta
887 1720 913 1766 in
925 1719 1025 1768 Ernesti
1038 1720 1109 1767 Olane
1123 1721 1175 1768 Cic.
1185 1719 1212 1767 in

112 1781 190 1830 Hand
200 1782 301 1843 etScio:
313 1783 360 1833 ubi
370 1781 482 1845 exempla
490 1790 527 1828 sat
536 1782 616 1830 multa.
627 1781 699 1830 Adde
708 1785 831 1833 Drakenh.
842 1784 874 1833 ad
883 1785 939 1833 Lia.
950 1785 968 1831 1.
980 1789 1020 1832 37.
1029 1799 1052 1832 c.
1061 1788 1102 1832 64.
1119 1784 1213 1833 haer.

110 1844 145 1893 ad
161 1847 230 1896 Flar.
249 1847 268 1895 1.
278 1852 301 1897 3.
311 1863 334 1895 c.
345 1850 385 1897 12.
404 1848 436 1897 cf.
447 1855 473 1895 et
482 1846 544 1894 infra
554 1849 579 1894 in
593 1847 668 1896 Nemo
677 1863 703 1896 n.
713 1853 738 1901 2.
754 1856 806 1898 not.
817 1858 836 1906 †.
847 1849 911 1899 uude
927 1849 1079 1912 intelligitur,
1090 1864 1211 1912 quamne·

111 1913 244 1961 cessariam
254 1912 296 1972 sit,
305 1915 366 1962 huuc
376 1913 478 1961 sormam
487 1920 552 1961 recte
563 1913 717 1976 intelligere.)

419 2026 435 2056 ⁸
446 2031 471 2076 7.
482 2026 524 2076 An
535 2028 656 2090 arguentis
667 2035 693 2076 et
703 2026 908 2091 reprehendentis.

144 2108 188 2157 An
202 2108 323 2170 arguitet
338 2107 519 2171 reprehensioni
535 2109 616 2157 servit.
646 2110 698 2159 Cic.
716 2109 732 2157 l.
751 2116 775 2158 6.
794 2111 863 2160 Taso.
880 2127 901 2158 c.
914 2115 953 2159 12.
973 2109 1013 2156 An
1024 2109 1128 2174 Scythes
1144 2111 1211 2159 Ana·

111 2173 205 2286 {miae
215 2173 292 2238 potuit
306 2189 351 2238 pro
364 2174 441 2222 nihilo
452 2174 581 2238 pecuniam
591 2176 693 2224 ducere:
712 2183 830 2224 nostrates
843 2175 978 2240 philosophi
989 2176 1066 2275 iacere
1080 2190 1130 2223 non
1140 2185 1211 2242 potu·

477 2336 492 2368 ¹¹
504 2341 527 2386 8.
539 2337 580 2388 Aa
591 2338 707 2386 omittitur
717 2336 845 2387 interdum.

145 2416 186 2466 An
195 2417 315 2467 interdum
325 2419 410 2474 semel,
421 2419 539 2468 interdum
549 2421 637 2484 saepius
645 2420 770 2469 omittitur.
795 2421 848 2469 cte.
862 2420 931 2469 Taec.
942 2421 960 2467 1.
972 2426 997 2468 et
1007 2437 1029 2479 c.
1040 2425 1064 2470 2.
1076 2420 1129 2469 Hoc
1140 2420 1210 2478 doce,

111 2481 217 2539 doleam,
226 2498 304 2533 necne
322 2484 424 2540 doleam,
435 2485 494 2533 nihil
508 2485 633 2534 interesse.
651 2488 746 2536 Terent.
757 2485 849 2535 Hanni.
861 2491 883 2534 l.
896 2490 918 2533 l.
931 2485 1002 2533 Nunc
1015 2488 1114 2533 habeam
1126 2486 1209 2543 filium,

110 2562 158 2596 nec
173 2563 215 2604 ne,
227 2549 344 2597 incertum
357 2555 401 2596 est.
416 2549 472 2599 Lio.
485 2551 501 2596 l.
513 2554 537 2598 6.
547 2567 569 2599 c.
580 2555 605 2600 7.
625 2551 692 2600 Ptin.
704 2552 720 2598 l.
731 2555 755 2599 2.
767 2551 836 2613 epist.
849 2553 873 2597 8.
893 2549 971 2598 Tacit.
989 2549 1054 2598 Ann.
1070 2552 1089 2600 l.
1101 2554 1125 2600 3.
1137 2568 1160 2599 c.
1170 2556 1210 2600 12.

109 2613 124 2676 §
136 2619 161 2662 t.
177 2613 243 2662 illud
257 2621 375 2678 reputate,
387 2614 481 2671 Patres,
488 2616 581 2663 turbide
589 2623 615 2663 et
625 2616 738 2664 seditiose
749 2615 885 2663 tractaverit
892 2616 1010 2664 exercitus
1021 2616 1093 2673 Piso;
1110 2617 1212 2678 quaesita

110 2678 161 2724 sint
177 2694 223 2742 per
239 2679 393 2727 ambitionem
408 2679 491 2728 'studia
500 2681 615 2741 militum3
634 2682 704 2729 armis
718 2681 820 2743 repetite
830 2680 965 2743 provincia3
987 2695 1018 2727 an
1029 2679 1088 2726 iales
1097 2681 1122 2726 in
1134 2680 1213 2742 nrajue

110 2743 263 2805 sumserint
269 2753 426 2793 accusatores.
435 2745 505 2809 (Non
512 2747 670 2794 neceesarium
681 2747 773 2800 est,hic
782 2746 832 2794 dici
842 2746 952 2792 omissum
961 2761 1007 2800 an,·
1019 2760 1075 2791 nam
1086 2752 1112 2791 et
1122 2750 1210 2801 atrurn,

110 2821 142 2858 ne
150 2808 257 2874 intelligi
267 2817 361 2874 potest:
379 2811 406 2860 in
422 2811 506 2859 ultimo
518 2811 627 2874 exemplo
637 2812 706 2860 nullo
716 2811 788 2859 modo
796 2825 828 2859 an
839 2811 960 2865 omissum,
972 2808 1016 2856 sed
1025 2807 1127 2881 atrurn.)

546 2909 562 2939 ⁴⁸
573 2913 598 2958 9.
609 2907 726 2958 Ari-nee
736 2924 774 2958 ne.

144 2986 187 3036 An
202 2985 285 3051 jungit
301 2989 346 3036 sibi
363 3003 533 3054 nonnunquam
547 3006 590 3039 nec
603 3006 641 3040 ne.
672 2991 724 3039 Cic.
739 2994 755 3038 2
775 2990 848 3039 Catil.
864 3004 886 3036 e.
900 2993 925 3037 6.
943 2987 1050 3045 Quaesivi
1067 3001 1082 3035 a
1098 2985 1210 3044 Catilina,

112 3065 143 3099 an
153 3051 181 3100 in
190 3063 306 3102 nocturno
317 3063 436 3103 conventa
446 3056 510 3119 apud
522 3055 623 3103 Leccam
633 3055 727 3112 fuisset,
736 3070 782 3104 nec
792 3070 831 3104 ne.
845 3080 850 3089 =

145 3279 166 3314 ¹⁷
178 3280 298 3329 Fortassis
314 3281 341 3329 in
351 3281 488 3346 hujusmodi
497 3283 616 3346 exemplis
627 3282 855 3344 subintelligendum
864 3289 903 3330 est
913 3281 1003 3344 dalila,
1010 3274 1106 3334 airam:
1124 3284 1212 3346 nescia,

110 3350 211 3396 mnne
227 3346 437 3409 quiddicam—nn
449 3348 488 3394 vel
497 3347 575 3396 simile
584 3348 707 3410 quiddam.
717 3348 781 3397 Vide
790 3347 852 3395 infra
866 3347 996 3396 Haadscio
1011 3355 1038 3396 et
1047 3350 1113 3405 Quid
1119 3350 1212 3398 dham?

111 3409 169 3474 ipsa
179 3426 237 3459 vero
252 3410 420 3474 interpretatio
436 3410 558 3461 interdum
579 3414 684 3461 vacillat.
697 3413 783 3461 Versio
795 3411 892 3475 quidem
909 3420 989 3460 nostra
1003 3413 1052 3460 loci
1069 3414 1212 3462 Varroninni

109 3470 190 3532 docet,
209 3475 268 3540 quid
283 3476 366 3540 lingue
384 3483 465 3524 nostra
479 3478 608 3527 vernacule
625 3485 667 3525 aut
682 3477 743 3525 ferat
763 3486 805 3526 sut
819 3479 933 3541 postulet.
955 3478 1089 3526 Fasciolati
1105 3479 1210 3540 linguam

108 3547 217 3589 nostram
224 3540 358 3603 ignorantie
367 3541 431 3590 nihil
440 3541 481 3590 hic
492 3544 557 3607 valet
563 3542 690 3606 judicium,
701 3557 749 3590 non
759 3543 814 3605 plus
825 3556 882 3590 sana
893 3557 964 3604 quam
973 3542 1040 3590 alibi.

143 3604 167 3638 ¹⁸
179 3605 275 3668 [Quum
283 3606 383 3664 locutio,
394 3607 420 3656 in
430 3621 487 3656 eura
502 3623 550 3657 non
558 3623 615 3664 esse,
628 3623 682 3656 cum
700 3606 807 3655 formulis
824 3607 953 3670 periculam
963 3613 1008 3662 est,
1026 3612 1102 3657 meins
1117 3613 1163 3664 est,
1173 3623 1210 3658 se·

109 3684 183 3719 eurus
205 3687 266 3726 snm,
284 3672 391 3722 solicitus
409 3685 456 3720 non
471 3688 532 3728 snm,
551 3674 725 3722 solicitudinem
738 3687 863 3735 curamque
882 3673 996 3725 sustineo,
1019 3673 1142 3720 vitandam
1166 3678 1211 3730 est,

109 3748 158 3784 non
171 3751 219 3798 ago
230 3741 316 3800 lecum,
333 3744 380 3785 cet.
390 3737 465 3784 multa
475 3738 564 3785 hebeat
574 3738 721 3786 communia:
741 3752 798 3784 usus
809 3737 914 3785 formulae
923 3736 996 3801 hujus
1007 3735 1157 3784 Corneliana
1167 3753 1210 3785 un·

108 3800 260 3850 notationem
277 3801 376 3850 meritas
387 3807 433 3850 est.
467 3804 533 3852 Cura
543 3812 569 3851 et
584 3803 678 3853 incuria
695 3802 818 3865 pertinent
835 3802 865 3850 ad
875 3802 1025 3849 voluntatem
1041 3801 1209 3863 potissimum:

109 3865 230 3916 dubitatio
241 3873 267 3914 et
282 3866 425 3917 consultatio
444 3866 475 3914 nd
492 3867 650 3916 intellectum.
678 3865 742 3930 Ergo
760 3866 876 3915 hactenns
893 3873 948 3914 sant
965 3865 1074 3913 diversae.
1091 3866 1154 3929 Ergo
1171 3868 1210 3916 in-

108 3932 178 3981 cuna
188 3931 219 3979 ad
229 3945 261 3981 att
271 3931 429 3981 dubitationis
440 3932 505 3996 rejici
515 3947 563 3980 non
580 3933 668 3996 potuit,
678 3931 721 3980 sed
731 3933 853 3997 proprium
861 3934 940 3980 locum
950 3931 1093 3994 postulavit.
1123 3932 1211 3995 Neque

109 4009 169 4044 vero
186 3997 260 4044 verba
279 3997 386 4046 studium
407 4012 535 4061 curamque
555 4007 597 4046 aut
612 3997 728 4046 incuriam
751 4004 777 4045 et
791 3995 963 4061 negligentiam
978 3997 1097 4060 signantia
1114 4012 1167 4045 cunr
1179 4012 1211 4047 an

110 4062 216 4110 construi
231 4062 320 4118 solent,
330 4069 359 4110 ut
369 4078 398 4110 ex
415 4061 584 4113 Grammaticis
600 4068 703 4111 conset.
736 4062 832 4111 Tacitae
842 4069 923 4110 autem
942 4061 1065 4125 experitur
1081 4061 1211 4110 innovandi

109 4125 200 4182 studio,
215 4127 331 4190 quicquid
341 4127 390 4176 ullo
400 4128 471 4175 modo
482 4128 621 4178 facultatem
632 4127 770 4176 habiturum
780 4126 880 4174 videtur.
892 4126 948 4174 Nec
960 4127 1074 4188 quaeritur
1084 4127 1134 4183 hic,
1146 4127 1210 4189 qnod

109 4191 252 4240 vocabulum
264 4193 415 4245 Faccialatas
424 4207 467 4255 pro
477 4208 535 4243 esra
544 4192 659 4258 substitui
664 4193 737 4242 velit:
758 4190 804 4241 sed
812 4192 873 4256 quid
885 4191 984 4243 Tacitae
994 4190 1127 4257 seripser'xt.
1147 4191 1219 4252 lirino

101 4255 156 4317 jam
168 4256 264 4306 rideant
271 4256 337 4321 aeqar'
342 4258 453 4317 tectores,
465 4267 583 4325 summm
594 4259 660 4328 apud
671 4259 842 4327 mejudicium
854 4257 1088 4316 Faaciolatiralere
1097 4256 1217 4319 hornut
