2670 4636
78 149 350 262 cassinensi}
437 184 493 244 on
525 143 769 244 nnnmeums
791 180 874 243 ste·
1145 183 1181 241 si

515 349 696 414 Clam-psidie
709 355 757 396 cet.

115 432 170 484 Cir.
177 431 196 480 1.
210 437 235 483 1.
244 432 314 483 Fam.
325 446 361 495 ep.
369 435 394 482 1.
404 437 467 478 extr.
483 428 514 479 In
524 430 594 482 rebus
604 445 620 480 a
630 428 768 478 domesticis
778 426 893 491 Pompeii
903 426 965 476 elam
980 426 1131 483 exulceratis,
1143 425 1186 474 de·

79 497 139 547 inde
151 500 233 562 palam
243 513 258 546 a
269 497 432 547 consularibus
442 494 579 560 exagitatis.
596 496 687 560 10.μο
700 495 773 544 Rosa.
783 493 867 543 Amor.
875 509 897 541 c.
905 495 930 540 8.
952 493 992 542 Id.
1008 508 1052 556 pro
1065 492 1155 542 Ceeia.
1166 506 1188 540 o.

80 567 123 614 82.
138 564 220 614 Docet
228 564 297 612 itase
307 563 450 627 possedisse,
465 568 495 610 ut
509 577 555 611 noc
566 561 590 609 vi
600 576 646 610 nec
657 561 720 609 clam
729 575 775 609 nee
785 558 892 623 precario
902 557 1057 624 possederit]

562 707 675 759 CAPUT
698 709 729 758 Ι..

296 811 346 871 De
360 808 510 873 Aduerbio
533 809 703 870 Commune
720 817 750 869 et
764 807 976 869 Ceutronum.

116 925 130 988 ς
143 923 166 972 Ι.
178 916 334 999 Cornacum
344 937 373 972 cs
382 922 403 972 tt
414 923 496 972 should
509 923 545 979 be,
555 922 695 987 appositety.
716 920 802 973 Plorat.
812 919 892 972 Mtte.
901 925 926 970 4.
937 925 962 972 4.
973 927 1034 969 extr.
1055 918 1188 969 Commode

80 987 286 1102 apgiltftlfufsiiiide
296 1053 392 1102 saltare.
406 1052 569 1114 wettemougtm
577 1052 679 1103 without
689 1050 839 1118 effectetiors.
848 1052 930 1116 Nepos
940 1052 1027 1114 Epem.
1035 1067 1058 1099 c.
1067 1056 1091 1100 1.

115 1120 155 1182 (t.
167 1117 314 1175 Homeritas,
325 1119 400 1166 bene.
422 1120 475 1168 cie.
483 1119 501 1166 l.
510 1121 551 1167 11.
567 1119 637 1168 Fam.
651 1133 687 1182 ep.
698 1121 738 1166 10.
762 1116 896 1166 Commode
907 1115 936 1164 de
947 1117 1026 1180 aliquo
1037 1111 1147 1176 sentire.)

117 1185 132 1248 5
144 1183 182 1231 ΙΙ.
195 1184 348 1232 Commodum
356 1183 495 1232 adverbium
506 1198 549 1247 pro
557 1184 675 1232 comrsode
684 1181 736 1230 sive
747 1186 877 1244 opportune
896 1182 1002 1245 usurpari
1017 1181 1087 1229 solet.
1104 1180 1188 1230 ΡΜ.

84 1250 166 1297 Mero.
178 1252 203 1297 1.
213 1251 239 1296 1.
256 1248 283 1296 Si
291 1248 370 1298 isthac
380 1248 437 1306 ibis,
445 1249 594 1297 commodum
605 1245 791 1298 obviemrenies
800 1246 872 1311 patri.
882 1261 929 1311 pou
939 1248 1049 1310 wiltjsrst
1059 1251 1120 1296 meet
1130 1259 1190 1309 post·

73 1313 172 1374 satier.

382 1413 408 1459 0.
419 1411 587 1470 commodum
602 1410 688 1460 mittin
695 1423 783 1475 proper
793 1410 892 1460 bosom

116 1493 200 1542 Plest-
208 1492 288 1543 Mitte.
299 1497 323 1543 0.
336 1496 360 1542 1.
371 1495 428 1542 154.
435 1491 461 1541 Si
472 1498 563 1542 eertum
572 1498 609 1542 est
618 1489 663 1541 tibi
673 1507 680 1538 r
692 1493 842 1540 commodum
852 1493 951 1549 obsone,
961 1505 993 1540 ne
1005 1505 1090 1555 magno
1100 1491 1192 1540 sumtuz

493 1594 517 1640 ³.
532 1591 779 1640 Commodum-cion.

117 1672 188 1736 Soepe
200 1671 299 1721 assumit
308 1687 370 1722 cem.
390 1673 442 1722 Cic.
455 1671 472 1720 1.
482 1675 523 1721 18.
535 1670 634 1734 Ait-ep.
642 1674 682 1721 30.
692 1670 851 1720 Commodum
863 1671 895 1719 ad
906 1678 930 1719 te
942 1667 1052 1720 miseram
1064 1671 1189 1729 Demeam,

83 1751 141 1786 cum
147 1738 210 1786 Eros
221 1739 252 1786 ad
267 1749 307 1785 me
319 1737 395 1786 venit.
408 1739 425 1787 1
433 1736 539 1798 ttcdjust
549 1737 690 1800 despatched
705 1737 798 1786 Demea
809 1742 834 1786 to
844 1751 898 1801 you.
911 1738 949 1785 Id.
959 1738 976 1786 l.
989 1740 1029 1786 10.
1039 1736 1095 1787 Art.
1105 1752 1141 1801 ep.
1151 1741 1191 1786 18.

83 1802 246 1850 Commodum
255 1802 288 1851 ad
298 1808 322 1850 ts
333 1802 448 1852 dederam
459 1802 538 1850 literas
549 1801 580 1850 de
589 1801 698 1865 pluribus
706 1801 786 1857 rebus,
796 1817 851 1851 cum
865 1802 895 1850 ad
915 1817 954 1852 me
964 1804 1026 1851 bene
1045 1816 1116 1850 mene
1128 1801 1190 1850 Dio·

84 1869 171 1931 nysius
186 1869 240 1917 fnit.
263 1868 303 1917 Id.
314 1865 370 1918 Au.
379 1869 395 1916 Ι.
407 1872 447 1918 13.
458 1883 495 1930 cp.
507 1872 531 1917 0.
551 1865 712 1916 Commodum
728 1866 870 1917 discesseras
880 1868 940 1927 heri,
955 1882 1010 1918 eum
1022 1867 1148 1918 Trebatius
1158 1864 1191 1916 ad

81 1945 123 1981 me
133 1934 211 1982 venit.
233 1932 249 1964 ⁸
261 1934 302 1983 le.
312 1933 372 1984 fdid.
383 1949 419 1998 ep.
431 1935 472 1982 10.

532 2078 673 2129 'CAPUT
699 2081 743 2129 LI.

137 2177 190 2236 De
209 2175 359 2238 Aduerbio
379 2178 592 2246 Counnsmm
615 2179 690 2238 witto
708 2199 824 2260 proper
849 2180 946 2260 speed,
960 2180 1140 2261 sortltwitft,

328 2260 544 2340 straigttwey,
559 2259 768 2339 immediately,
784 2262 947 2340 instoutlp.

119 2375 144 2420 1.
160 2370 317 2421 Consnsrns
331 2373 459 2437 opponitur
470 2374 502 2429 ei,
515 2373 580 2438 quod
597 2390 628 2424 ex
642 2357 769 2425 interuallo
786 2375 827 2424 sit.
845 2375 1192 2430 cto.l.1.de1soem.c.28.

86 2437 227 2485 Eafactum
237 2437 334 2499 aliquod
346 2438 483 2496 confestim,
494 2446 536 2487 aut
546 2452 579 2487 ex
594 2440 720 2488 intervallo
737 2442 816 2489 solent
831 2440 953 2504 consequi.
980 2442 1020 2491 Id.
1035 2443 1095 2492 ibid.
1106 2443 1124 2492 l.
1136 2448 1160 2493 2.
1168 2459 1191 2493 c.
1295 2481 1299 2487 .

87 2505 128 2551 12.
145 2501 176 2549 In
188 2509 272 2565 quarta
284 2509 352 2566 parts
368 2511 504 2600 poterentur
518 2519 557 2570 en,
568 2520 621 2568 quae
636 2513 731 2569 gestum
740 2506 867 2570 negotium
877 2506 1012 2564 confestim,
1023 2517 1065 2557 aut
1075 2523 1108 2556 ex
1118 2509 1192 2560 inter-

85 2567 151 2618 vulo
162 2569 367 2632 consequuntur.¹

405 2664 453 2716 ’2.
467 2667 659 2727 Confestim—ot
675 2667 821 2716 rarissimum
831 2675 877 2717 est.

121 2745 222 2796 smus.
234 2745 341 2808 August.
354 2762 377 2795 c.
386 2751 427 2798 10.
450 2746 575 2812 Augustus
590 2747 717 2796 confestim
727 2749 898 2812 utuipollonia
909 2749 987 2805 rediit,
1001 2750 1099 2798 Bmtnm
1112 2748 1192 2799 Cassi·

86 2826 174 2873 umque
183 2810 278 2876 legibus
288 2812 394 2875 aggredi,
406 2828 509 2876 reosque
520 2813 591 2862 caedis
599 2814 712 2862 absentes
722 2814 814 2862 deferte
825 2816 917 2863 statuit.
940 2814 1001 2880 (Sed
1012 2815 1099 2864 dicitur
1107 2816 1193 2865 eedem

86 2876 199 2942 malogia
209 2889 259 2940 qua
268 2879 379 2927 continuo
390 2877 525 2942 sedeque
536 2877 611 2944 mox.)

154 2953 158 2959 ⁸
311 2973 327 3005 ⁴
338 2979 362 3025 0.
375 2949 507 3034 Coasestim
518 2981 574 3039 post
583 2975 643 3023 duos
654 2974 770 3024 ablativos
784 2977 969 3041 consequentia.

121 3053 207 3129 Cesar
220 3054 253 3104 Β.
264 3056 297 3104 G.
308 3056 358 3104 to.
373 3071 395 3104 c.
405 3059 446 3105 18.
461 3056 474 3120 §
484 3060 508 3105 4.
520 3055 866 3170 Casampraemissoerpuitatu,
877 3058 1004 3107 confestim
1012 3058 1118 3122 legiones
1137 3059 1192 3108 sub·

87 3119 157 3184 sequi
170 3120 252 3184 jussit.
286 3120 408 3184 (Ablatiri
425 3120 464 3170 illi
482 3136 531 3169 non
548 3121 665 3170 adficiunt
679 3123 819 3186 partionem
829 3123 973 3190 modoetien.)

519 3268 534 3297 ³
553 3266 665 3316 CAPUT
686 3266 742 3316 LII.

358 3367 366 3385 ‘
428 3367 479 3426 De
493 3365 644 3452 Aduerbio
665 3359 850 3427 Oomsonro.

119 3477 282 3538 Consua-rm
297 3478 446 3544 desigmdlp,
465 3495 496 3529 ors
511 3494 622 3543 purpose,
639 3494 669 3528 oa
680 3486 716 3531 set
732 3496 843 3545 purpose,
851 3485 986 3550 purposetp.
1008 3487 1060 3536 Cie-
1077 3500 1122 3551 pro
1135 3488 1193 3539 Girs-

86 3549 139 3593 est.
151 3559 174 3592 c.
184 3547 224 3594 14.
240 3544 322 3592 Mults
336 3553 453 3607 preterea
463 3546 582 3594 consulto.
701 3583 703 3589 ,

540 3691 652 3743 CAPUT
678 3694 750 3743 LIII.

249 3791 251 3797 ’
271 3792 321 3852 De
335 3791 494 3853 Adoerdr‘is
516 3792 763 3856 Coumunurnu
783 3805 813 3857 ct
827 3796 1019 3858 Conrsuuo.

105 3913 109 3919 ·
123 3901 368 3966 §tenesmum
381 3906 479 3956 estsine
493 3907 676 3972 immissione,
684 3910 722 3958 vel
733 3909 867 3961 interpello.
886 3912 936 3960 Cir.
945 3911 963 3959 1.
974 3915 997 3960 1.
1008 3913 1038 3962 de
1046 3904 1108 3964 Not.
1120 3887 1201 3966 Dee.

89 3983 114 4015 c.
126 3971 168 4018 00.
187 3968 315 4026 Quomodo
329 3971 423 4034 probas,
437 3972 586 4020 continenter
600 3972 719 4037 imagines
729 3975 788 4025 fieri.
798 3977 852 4026 ttsot
863 3977 928 4028 thess
937 3977 1030 4040 imoges
1039 3979 1131 4046 (ideas)
1140 3994 1197 4031 eon·

104 4081 1190 4110 ww

111 4146 151 4223 ..¹³
164 4147 317 4222 Gwimssl.
326 4150 354 4197 2.
362 4148 446 4200 instit.
458 4151 593 4201 Gremmet.
606 4167 631 4216 p.
641 4156 699 4202 176.
705 4154 806 4204 Putsctt.
816 4153 961 4214 Confestim,
968 4165 997 4206 nt
1005 4134 1210 4222 competentiis-¹

92 4218 236 4289 monnone.
253 4213 287 4262 Et
296 4228 370 4288 moxg
392 4215 526 4268 Confestim
534 4233 581 4283 pro
594 4219 710 4272 continuo
726 4227 752 4271 et
768 4221 822 4272 sine
836 4218 968 4274 intercedo
984 4224 1031 4276 sed
1041 4222 1101 4290 iugi
1112 4221 1231 4274 ussum-⁴

88 4275 249 4327 monrsstndro
253 4286 383 4341 pergentis.
1059 4309 1076 4325 0-
1237 4323 1240 4327 .
1252 4322 1255 4326 .

145 4352 216 4399 stra
1154 4367 1186 4416 1.
