2670 4636
132 222 189 281 178
443 217 614 279 llOliA'l'Il
643 214 885 277 TURSELLlNl
1170 218 1219 297 [rs

129 363 202 415 minis
211 370 270 422 eret,
281 364 303 415 al
311 365 379 415 ierne
389 364 516 422 medianus,
527 365 557 413 ab
568 363 653 430 Ulyase
670 363 763 427 deaque
773 361 844 411 Circe
854 358 982 426 oriundus)
991 359 1016 409 ei
1024 359 1138 411 Mamilio
1146 360 1222 413 filia!

130 438 230 494 nuptum
241 432 282 480 dat
291 429 434 492 Tarquinius
443 435 489 480 cet.

533 531 558 576 2.
569 527 596 576 ls
605 542 649 590 pro
660 527 699 576 lsic
710 526 748 573 vel
759 526 809 574 ille.

164 607 192 656 la
201 622 264 670 srcpe
275 613 399 671 usurpatur
409 622 453 671 pro
463 607 502 656 lic
510 606 550 655 ael
559 607 608 656 iile.
627 606 703 655 Cius
716 606 786 654 Vm.
797 607 866 653 c.2³.
877 603 1047 652 Polemarchus
1056 611 1094 652 est
1104 603 1219 680 Murgen-

129 670 204 726 tinus,
214 672 247 718 vir
259 672 334 719 bonus
342 679 413 735 atque
422 673 541 719 honestus.
555 671 582 718 ls
590 685 645 720 cum
654 674 700 720 set.
733 670 772 718 ld.
780 670 799 716 l.
811 671 869 717 hdr
881 669 916 717 N.
929 670 991 716 D.c.
1003 672 1043 716 la.
1059 667 1114 717 Nee
1124 669 1219 717 andren

130 735 175 782 dus
184 735 343 799 Theophrasti
351 735 445 783 auditor
461 735 548 792 Strato,
560 736 588 792 is,
605 733 646 799 qui
655 733 769 798 physicus
782 733 922 797 appellatur.
961 733 997 781 ld.
1008 733 1026 778 1.
1038 735 1061 780 8.
1073 734 1103 781 de
1117 733 1188 782 oms.
1198 749 1219 784 a.

130 803 170 848 16.
190 799 294 856 Quorum
306 800 414 864 princeps
424 801 532 848 Socrates
548 799 602 855 luit,
619 798 650 855 is,
669 799 718 861 qui,
737 797 811 846 rodus
828 797 833 807 “
851 796 914 845 dicio
930 795 1040 854 Graeciae,
1055 796 1181 859 prudentia
1195 802 1219 845 et

130 864 239 912 acumine
255 872 280 912 et
297 871 430 921 venustate,
448 862 808 918 etsubtilitate,omhiu1ninit
855 861 1016 925 ileprinceps·
1050 860 1143 911 'aaa
1154 862 1171 909 1.
1182 865 1217 910 ll.

129 927 562 993 Ass.ep.1aet1.a.raoff.c.1r.

586 1039 760 1106 (armario.)
859 1024 862 1033 '

162 1119 218 1168 Nou
237 1122 295 1169 satis
312 1137 344 1169 ex
360 1123 400 1170 his
418 1122 467 1170 vim
484 1129 510 1171 et
525 1123 668 1185 elegantiam
684 1121 755 1185 hujus
771 1121 851 1170 iormae
862 1135 1000 1183 cognoscas.
1018 1121 1126 1171 Primum
1140 1121 1217 1184 igitur,

129 1186 220 1241 uram,
231 1195 273 1235 aut
279 1187 350 1234 etiam
359 1187 410 1236 sine
418 1202 479 1242 oum.
487 1188 585 1250 elegans
595 1196 632 1236 est
643 1188 669 1234 in
678 1186 854 1235 narrationibus
863 1186 894 1233 ab
906 1187 984 1242 initio,
994 1187 1075 1234 statim
1085 1187 1166 1249 ponito
1177 1201 1217 1234 uo·

128 1250 193 1298 ruine
204 1252 312 1314 proprio:
323 1258 352 1299 ut
360 1252 387 1299 in
397 1252 588 1315 primorxesnplo
598 1251 727 1315 proposito,
736 1251 773 1298 cui
782 1250 870 1299 similia
876 1258 932 1297 aunt
937 1250 1089 1312 permultain
1100 1252 1218 1301 cumae

128 1314 284 1371 orationibus,
292 1316 425 1379 prasertim
434 1316 460 1364 in
476 1317 576 1366 Verrem.
588 1316 713 1365 Interdum
728 1322 809 1363 autem
818 1314 880 1362 illud
890 1316 1030 1372 membrum,
1043 1315 1111 1379 cujus
1125 1315 1218 1364 initium

129 1386 167 1426 est
185 1379 215 1433 is,
233 1394 288 1426 cuna
303 1380 419 1444 superiori
429 1380 577 1428 connectitur
586 1395 630 1444 per
642 1381 769 1428 relativum
778 1393 821 1441 pro
837 1378 984 1442 inpositum:
1003 1386 1032 1427 ut
1045 1395 1085 1442 ap.
1105 1381 1157 1429 ca.
1167 1380 1184 1426 l.
1194 1383 1217 1427 2.

129 1444 199 1492 Fam·
209 1457 245 1506 sp.
257 1448 280 1493 2.
297 1443 443 1493 Graviteste
458 1444 566 1507 privatus
581 1460 634 1493 aum
651 1445 735 1492 aurumi
751 1444 800 1492 mei
816 1458 872 1506 erga
883 1453 906 1490 te
916 1445 1010 1500 amoris,
1021 1452 1090 1507 patre
1106 1451 1158 1500 tuo,
1170 1444 1216 1491 cla·

128 1507 222 1555 riasimo
232 1505 299 1554 viro:
317 1509 367 1571 qui,
378 1525 433 1557 cum
451 1509 502 1556 auis
518 1508 638 1565 laudibus,
654 1516 706 1557 tum
718 1516 742 1556 te
753 1508 811 1563 filio,
826 1515 964 1570 superasset
977 1509 1084 1556 omnium
1100 1509 1216 1557 fortunam

128 1577 174 1620 etc.
199 1570 295 1619 Deinde
306 1573 328 1621 a's
339 1573 413 1622 servit
423 1572 580 1629 distinctioni,
591 1580 618 1621 ut
632 1572 658 1620 in
669 1575 745 1622 altero
761 1572 885 1635 exemplo:
903 1572 972 1620 tertio
986 1573 1116 1621 inserendo
1130 1573 1215 1637 elogio,

128 1643 156 1683 ut
165 1636 191 1684 iu
201 1637 283 1685 tertio.
293 1644 340 1686 etc.

569 1751 772 1814 *adrproqaa

160 1830 292 1889 Imitemur.
303 1848 363 1896 quos
373 1833 460 1897 cuique
470 1833 548 1880 visum
557 1842 603 1887 est,
621 1838 693 1893 atque
710 1832 740 1878 ad
757 1846 839 1878 eorum
854 1830 934 1879 studia
947 1830 1106 1894 institutaque
1117 1830 1216 1894 impelli·

129 1911 190 1943 mur.
220 1898 311 1946 Cic-de
325 1899 403 1962 0ff.l.
417 1901 440 1945 1.
452 1914 473 1945 c.
483 1900 524 1946 22.
547 1898 594 1944 Sed
605 1911 688 1943 omnes
702 1902 753 1944 tum
763 1895 822 1951 iere,
833 1898 873 1958 qui
881 1911 927 1944 nec
942 1895 1215 1944 extraurbemhancri·

129 1968 221 2018 xerunt,
231 1977 325 2024 neqeos
336 1963 416 2026 aliqua
426 1962 546 2009 barbaries
555 1960 686 2008 domestica
695 1959 863 2016 infuscaverat,
871 1968 936 2008 recte
947 1959 1116 2022 loquebantur.
1145 1961 1184 2010 la.
1192 1960 1216 2009 iu

128 2025 203 2074 Brut.
215 2043 237 2074 c·
247 2031 287 2076 74.
297 2027 374 2083 Quam
382 2026 512 2075 intuensirr
520 2040 595 2088 euqrre
603 2023 696 2073 defixus
706 2023 736 2071 ad
744 2025 807 2072 illius
817 2024 998 2073 similitudinem
1004 2031 1079 2071 artem
1086 2032 1113 2072 et
1122 2038 1217 2073 manum

60 2100 65 2111 ¹
129 2088 258 2152 dirigebas.
291 2092 331 2140 Id.
345 2093 415 2140 Orat.
425 2106 447 2139 c.
456 2095 481 2139 2.
492 2089 782 2154 (Maleinhisa'sproqas'
791 2089 895 2151 positum
905 2089 1001 2136 dicitur.
1033 2087 1217 2152 Naminprimo

127 2158 198 2214 ntqrse
209 2155 307 2216 copulat
316 2156 448 2203 membrum
458 2169 513 2202 cum
523 2155 652 2209 imitamur,
666 2169 715 2200 uon
730 2169 784 2202 curu
800 2168 858 2217 quoa
867 2169 887 2201 c.
897 2169 921 2202 o.
929 2169 950 2202 a.
967 2152 993 2199 in
1003 2154 1092 2201 ceteris
1102 2153 1218 2216 exemplis

126 2218 260 2343 necessapo
279 2218 352 2268 debet
369 2234 421 2267 esre
439 2233 569 2282 pronomen
584 2217 802 2274 demonstrativum,
822 2224 921 2282 propter
938 2215 1102 2266 diversitatem
1110 2224 1217 2268 consuu-

128 2281 223 2329 ononis.

160 2395 175 2425 ¹
186 2398 211 2445 4.
224 2398 251 2447 la
261 2414 325 2463 sape
336 2397 459 2462 repetitur,
471 2404 498 2445 ut
508 2397 608 2445 orationi
618 2398 655 2445 ris
665 2396 767 2445 addatur
782 2397 837 2461 (aut
849 2396 934 2445 saltem
944 2395 1113 2460 perspicuitas,
1123 2395 1187 2445 utin

492 2463 597 2528 secundo
606 2470 632 2510 et
640 2463 711 2510 tertio
721 2459 853 2525 exemplo.)

163 2541 214 2589 Cic.
223 2556 267 2604 pro
280 2543 333 2591 Gla.
342 2557 364 2591 c.
371 2547 412 2591 24.
422 2541 503 2607 Atque
513 2558 558 2606 ego
566 2543 608 2591 illa
617 2556 666 2589 uon
673 2543 861 2606 argumentabor,
872 2556 925 2605 qun
935 2548 991 2588 sunt
1001 2541 1082 2604 gravia
1089 2542 1218 2591 rehensa·

128 2612 172 2661 ter,
184 2607 388 2669 eumcorrupisse,
398 2607 472 2669 quiin
484 2608 588 2671 periculo
598 2608 679 2664 luerit,
688 2623 743 2654 aum
753 2608 795 2670 qui
804 2606 924 2662 metuerit,
935 2621 997 2662 eum,
1005 2607 1047 2669 qui
1057 2620 1127 2668 apem
1136 2607 1218 2657 saluus

129 2669 154 2716 in
165 2671 318 2719 alienatione
336 2687 384 2720 nou
400 2671 517 2728 habuerit,
528 2688 591 2727 eum,
603 2673 644 2736 qui
658 2686 752 2735 semper
771 2671 883 2734 singulari
897 2670 969 2718 fixerit
983 2670 1092 2719 audacia.
1114 2672 1155 2721 Id.
1168 2672 1185 2720 l.
1194 2677 1217 2722 1.

128 2736 159 2782 ad
170 2736 217 2790 Qu.
228 2737 272 2784 Fr.
284 2751 320 2799 ep.
332 2741 354 2784 1.
375 2737 471 2784 Nomen
481 2736 603 2800 publicani
613 2750 692 2798 neque
702 2735 720 2783 ii
729 2736 819 2784 debent
828 2737 930 2791 horrere,
941 2736 983 2798 qui
990 2751 1083 2798 semper
1092 2735 1219 2799 vectigales

127 2798 236 2861 luemnt3
252 2816 330 2863 neque
341 2801 359 2848 ii
369 2801 497 2864 aspernari,
510 2801 550 2865 qui
557 2817 601 2866 per
608 2817 634 2848 ee
644 2800 855 2864 penderevectigal
865 2815 914 2847 non
921 2808 1058 2863 potuerunt,
1067 2815 1147 2862 neque
1157 2800 1217 2849 iire-

128 2877 221 2922 cusare,
233 2865 275 2928 qui
289 2867 477 2928 postulaverunt.
501 2867 539 2914 Id.
551 2869 580 2916 de
589 2866 669 2915 Amic.
680 2870 749 2915 eid.
770 2864 810 2912 De
821 2864 925 2912 amicitia
935 2879 1017 2911 omnes
1025 2864 1056 2912 ad
1067 2879 1141 2912 unum
1153 2865 1217 2914 idem

127 2928 242 2985 sentiunt,
252 2938 278 2978 et
287 2931 305 2976 ii
316 2930 358 2993 qui
368 2930 399 2981 ad
407 2946 485 2994 remp.
498 2946 524 2978 se
536 2931 688 2979 contulerunt
695 2945 702 2988 ;
719 2938 745 2978 et
761 2930 780 2976 ii
795 2929 836 2990 qui
852 2944 928 2976 rerum
944 2928 1081 2978 conditione
1098 2929 1219 2979 delectan-

127 3000 165 3039 tur
175 3009 181 3049 ;
200 2994 261 3051 etii,
272 2995 315 3056 qui
324 3010 395 3042 auum
404 2995 527 3056 negotium
536 3002 620 3057 gerunt
630 2995 706 3042 otiose
715 3012 722 3054 3
742 3001 861 3058 postremo
871 2993 897 3050 ii,
910 2993 951 3055 qui
962 3009 989 3042 ee
997 3002 1059 3042 totos
1070 2994 1218 3043 tradiderunt

127 3058 387 3183 vopuprrgrpzqum
397 3123 463 3186 om)
471 3121 632 3186 'postuomina
641 3121 835 3178 celebratissima,
844 3123 883 3170 rel
893 3122 948 3177 alia,
960 3122 1047 3184 quibus
1053 3122 1101 3170 rim
1107 3122 1219 3172 tributam

127 3185 245 3233 volumus.
266 3188 367 3236 Sallust.
377 3187 558 3243 Catilinas-‚db
575 3187 622 3235 Sed
634 3187 725 3233 urbana
738 3187 823 3249 plebes
833 3203 863 3235 ea
873 3201 931 3234 vero
942 3202 1049 3249 praeceps
1065 3187 1127 3235 ierat
1137 3188 1219 3236 multis

127 3245 157 3294 de
168 3249 253 3326 causis:
285 3251 353 3298 Adde
365 3259 391 3326 et
401 3267 422 3298 c.
434 3256 474 3300 68.
493 3250 586 3316 (immo,
600 3251 625 3297 in
642 3250 832 3312 oppositionibus
847 3252 934 3301 burro
948 3251 997 3299 vim
1007 3250 1075 3299 addit
1091 3252 1218 3316 quondan,

128 3313 193 3401 quai
196 3315 270 3425 131·ng
276 3312 491 3441 {remilium
505 3379 531 3426 in
541 3377 654 3426 antithesi
664 3378 790 3426 adhibetur
800 3380 948 3442 precedente
959 3379 1085 3428 infinitivo.
1122 3381 1220 3431 Goeles.

131 3442 188 3491 Oba.
200 3459 224 3505 p.
235 3446 290 3492 146.
310 3444 406 3492 Terent.
425 3445 487 3492 Eas.
495 3445 557 3507 prol.
572 3442 620 3491 Eas
637 3458 664 3491 se
680 3459 728 3491 non
745 3451 818 3507 negat
833 3444 949 3492 Personas
963 3445 1114 3492 transtulisse
1129 3445 1155 3492 iu
1171 3445 1219 3494 Eu·

126 3508 231 3554 nuchum
241 3523 272 3555 ex
283 3508 382 3556 Graeca:
401 3507 449 3554 Sed
459 3523 501 3555 eas
516 3508 610 3556 fabulae
619 3509 695 3557 lactas
706 3507 771 3572 prius
789 3508 887 3556 latinae
898 3510 972 3556 scisse
984 3524 1044 3564 sese,
1062 3508 1088 3555 id
1100 3524 1156 3557 reru
1166 3526 1220 3573 per-

126 3579 207 3635 negat.
234 3573 320 3636 (Quod
330 3573 360 3621 de
370 3573 520 3636 praecedente
529 3573 646 3621 infinitivo
663 3573 763 3630 additur,
776 3573 803 3621 id
814 3588 864 3620 non
876 3583 913 3622 est
924 3580 1064 3636 perpetuum
1079 3589 1125 3621 nec
1135 3590 1220 3623 neces·

127 3638 223 3748 ffirium’
233 3653 278 3686 nec
288 3637 379 3702 aliquid
388 3637 508 3702 conjuncti
518 3639 589 3688 habet
599 3638 729 3688 infinitivus
746 3654 800 3688 cum
809 3641 844 3702 τῷ
854 3640 876 3688 is
884 3639 959 3702 wo.)
971 3639 1018 3686 rid.
1028 3646 1054 3686 et
1062 3638 1119 3686 inlr.
1129 3638 1155 3686 in
1166 3655 1221 3689 uero

157 3718 182 3750 v.
191 3718 216 3752 n.
228 3706 252 3752 6.

127 3813 142 3843 “
153 3817 177 3861 6.
188 3816 216 3863 Is
225 3823 282 3879 post
291 3821 324 3873 et,
334 3815 373 3864 rel
384 3832 436 3880 que,
448 3817 486 3865 rel
496 3824 574 3880 utque,
584 3817 624 3863 vel
634 3830 684 3873 aar,
694 3822 793 3879 propter
803 3816 937 3880 emphasin,
952 3815 1008 3881 (aut
1018 3814 1222 3883 distinctionem);

492 3882 851 3935 nadrbottoaoadeoeutlsut.
1052 3895 1054 3899 ·

162 3958 214 4006 Cic.
223 3960 273 4009 19.
285 3961 354 4010 Fam.
363 3977 398 4024 ep.
410 3965 451 4011 21.
470 3961 578 4009 Privatae
591 3973 682 4018 musas,
693 3969 719 4009 et
733 3975 776 4009 eae
787 3968 879 4017 tenues,
892 3961 984 4024 agimus
999 3961 1120 4010 subtilius.
1153 3962 1221 4012 Ida

129 4023 185 4069 Cat.
195 4038 217 4069 c.
228 4028 252 4072 4.
263 4024 367 4073 Vincula
384 4033 410 4073 et
424 4040 454 4074 ea
469 4024 619 4087 sempiterna,
634 4032 700 4073 certe
711 4024 743 4072 ad
753 4024 896 4086 singularem
911 4042 1003 4089 poenarrr
1020 4026 1105 4074 nefarii
1122 4027 1221 4075 sceleris

126 4084 223 4133 inventa
233 4096 296 4135 sunt.
325 4090 364 4138 Id.
375 4090 392 4136 1.
402 4095 426 4139 2.
439 4091 509 4139 Fora.
519 4104 555 4152 ep.
565 4091 588 4135 l.
606 4087 649 4153 (In
660 4090 697 4137 hia
708 4089 805 4152 quidem
814 4092 934 4154 exemplis
951 4092 1026 4139 servit
1040 4091 1222 4154 distinguendo,

126 4149 177 4197 sive
188 4153 320 4200 accuratius
331 4154 474 4210 definiendo,
486 4167 534 4200 non
544 4153 666 4215 arrgend05
685 4154 711 4201 in
726 4154 801 4215 iisque
816 4169 865 4202 non
877 4157 934 4204 licet
944 4156 1064 4219 explicare
1076 4161 1156 4219 peret
1168 4157 1221 4220 qai·

118 4217 180 4272 denr,
192 4215 238 4264 sed
247 4217 292 4280 qui
300 4218 396 4282 quidem
401 4232 413 4278 ,⁴
433 4218 541 4267 Privatus
550 4230 643 4274 causas,
653 4233 706 4281 que
716 4218 813 4281 quidem
821 4227 907 4268 tenues
917 4230 981 4287 sunt,
992 4221 1085 4285 agimus
1096 4221 1219 4271 subtilius.

34 4344 36 4349 ,
104 4278 166 4331 iiic:
183 4281 297 4347 Vincula,
308 4300 366 4350 quae
374 4284 473 4352 quidem
484 4282 633 4350 sempiterna
642 4282 694 4333 aiut
703 4282 764 4346 stab
